2358 3782
259 296 427 338 Bxlv,·
808 297 869 332 De
895 297 1096 333 vocabulis
1121 296 1411 331 Ichneutarum.
1966 294 1988 329 3

260 455 374 487 mum
421 442 651 487 manifesto
697 443 914 494 sublatam
961 454 1056 485 esse
1094 440 1291 483 vidimus.
1330 465 1386 470 —
1416 439 1747 482 Interiectiones
1778 437 1990 480 ὀπποποῖ

259 526 306 568 et
347 530 430 578 7ψψ
474 524 559 567 etsi
600 521 724 572 ἅπαξ
768 525 976 578 εἰρημένα
1007 525 1123 574 sunt,
1154 525 1204 564 ut
1234 520 1421 572 videtur,
1447 519 1622 562 maioris
1652 532 1737 562 non
1769 523 1870 562 sunt
1901 532 1987 561 mo-

259 602 407 648 menti.
453 603 714 647 Huiusmodi
744 603 855 646 enim
874 603 1097 652 vocabula,
1119 600 1521 655 onomatopoeetioa
1543 613 1654 653 quae
1685 599 1900 651 dicuntur,
1933 600 1987 641 ad

259 683 469 738 temporis
500 688 758 727 momentum
790 683 1027 738 finguntur.

397 764 624 808 Vocabula
665 777 782 807 nova
824 764 927 817 quid
969 763 1281 818 significarent,
1326 775 1412 805 non
1456 774 1627 815 semper
1657 765 1775 804 certe
1806 760 1987 804 definire

259 843 394 888 licuit.
438 844 632 888 Plurima
664 857 768 887 vero
801 844 964 887 nullum
993 843 1245 896 relinquunt
1274 842 1538 886 dubitationi
1567 842 1721 885 locum.

397 925 719 969 Vocabulorum
752 921 877 973 ἅπαξ
908 926 1153 979 εἰρημένων
1182 937 1407 967 numerum
1438 935 1719 977 permagnum
1751 934 1846 964 esse
1869 921 1986 964 dixe—

258 1005 334 1057 ris,
380 1018 476 1049 cum
521 1009 576 1048 42
621 1005 831 1049 eiusmodi
863 1004 1077 1048 vocabula
1111 1004 1155 1047 in
1187 1005 1270 1050 hac
1299 1004 1452 1047 fabula
1482 1007 1721 1056 temporum
1752 1001 1986 1055 iniquitate

259 1085 388 1130 valde
408 1086 608 1130 mutilata
622 1085 914 1129 inveniantur.
962 1085 1014 1127 In
1036 1085 1226 1130 editione
1247 1083 1403 1127 Huntii
1425 1084 1618 1127 secunda
1639 1094 1791 1126 versus
1813 1081 1985 1125 omnino

258 1168 542 1210 numerantur
571 1170 668 1220 446,
702 1179 728 1209 a
760 1166 917 1220 quibus
948 1169 1094 1208 tamen
1122 1169 1175 1208 42
1209 1164 1471 1208 detrahendi
1502 1168 1616 1217 sunt,
1650 1168 1755 1217 quot
1775 1164 1866 1207 fere
1890 1177 1988 1207 ver-

259 1259 334 1291 sus
376 1246 521 1291 editor
559 1260 583 1291 e
614 1246 781 1291 lacunis
810 1247 966 1301 papyri
998 1250 1130 1299 atque
1152 1245 1421 1300 singularum
1445 1245 1537 1288 eius
1559 1245 1851 1288 columnarum
1884 1258 1986 1288 con-

221 1369 227 1373 ,
258 1327 436 1371 cludens
467 1327 710 1381 antiquitus
740 1327 964 1370 exstitisse
1005 1326 1220 1380 opinatur,
1267 1326 1372 1369 licet
1414 1338 1527 1370 nunc
1565 1339 1619 1369 ne
1650 1339 1777 1369 unum
1812 1325 1982 1379 quidem

258 1407 490 1463 vestigium
523 1420 671 1451 eorum
702 1411 857 1451 exstet.
918 1407 1075 1461 Itaque
1106 1407 1150 1450 in
1181 1407 1346 1451 decimo
1378 1407 1470 1450 fere
1502 1419 1671 1460 quoque
1702 1419 1833 1450 versu
1854 1420 1984 1450 unum

257 1485 383 1538 ἅπαξ
396 1489 631 1545 εἰρημένον
646 1492 726 1532 est.
771 1488 816 1532 Si
843 1492 987 1531 autem
1013 1501 1142 1542 porro
1164 1492 1220 1530 40
1246 1501 1398 1532 versus
1420 1487 1614 1542 excipias
1635 1487 1699 1530 ita
1719 1487 1905 1539 mutilos,
1936 1491 1987 1530 ut

258 1580 312 1612 ne
353 1569 697 1623 0111111101ιίᾱο111
739 1569 994 1612 vocabulum
1038 1569 1255 1624 integrum
1301 1568 1567 1621 contineant,
1606 1572 1777 1611 restant
1808 1571 1905 1622 360,
1937 1572 1986 1610 ut

257 1648 338 1694 fiat
377 1650 490 1693 ratio
533 1649 726 1693 numeris
757 1662 968 1703 expressa
999 1654 1024 1692 9
1045 1666 1052 1692 :
1072 1655 1107 1691 1.
1170 1650 1291 1704 Quae
1324 1662 1417 1693 cum
1449 1649 1562 1692 ratio
1593 1648 1697 1692 mihi
1727 1648 1838 1691 mira
1870 1648 1988 1691 vide-

256 1733 392 1784 retur,
423 1742 448 1774 e
477 1730 659 1779 totidem
703 1730 901 1773 versibus
941 1730 1051 1772 alius
1082 1729 1256 1773 fabulae
1292 1729 1523 1783 satyricae,
1567 1729 1770 1783 Cyclopis
1812 1729 1986 1783 Euripi-

258 1810 341 1860 dei‚
373 1814 506 1864 atque
534 1810 638 1854 item
667 1823 691 1854 e
721 1810 881 1854 fabulis
911 1810 1129 1853 nonnullis
1158 1810 1341 1865 tragicis
1374 1822 1426 1852 ea
1460 1809 1683 1862 vocabula,
1717 1821 1827 1862 quae
1861 1807 1986 1858 ἅπαξ

257 1893 468 1954 εἰρημένα
510 1894 625 1943 sunt,
669 1890 950 1944 comparandi
995 1903 1128 1933 causa
1159 1902 1396 1944 excerpere
1427 1890 1614 1933 institui.
1674 1891 1771 1933 Hoc
1803 1889 1984 1933 consilio

257 1984 282 2015 e
312 1971 473 2024 fabulis
503 1971 686 2027 tragicis
716 1984 801 2014 non
831 1972 967 2014 solum
999 1971 1285 2025 Sophocleam
1309 1984 1436 2014 unam
1461 1970 1575 2026 elegi
1596 1972 1672 2013 sed
1694 1971 1824 2013 etiam
1857 1983 1985 2013 unam

257 2051 555 2108 Euripideam.
587 2053 695 2095 duas
725 2052 996 2107 Aeschyleas
1029 2053 1177 2095 eodem
1211 2052 1336 2094 modo
1369 2050 1695 2105 perquirendas.
1748 2051 1799 2093 In
1830 2051 1985 2094 Persa-

257 2146 350 2177 rum
381 2132 520 2188 igitur
550 2132 748 2176 versibus
779 2137 864 2175 400
895 2133 1047 2187 primis
1078 2132 1340 2187 Aeschylum
1378 2132 1592 2175 vocabula
1613 2129 1738 2179 ἅπαξ
1762 2133 1985 2186 εἰρημένα,

256 2213 341 2273 nisi
355 2226 466 2268 quae
479 2226 547 2256 me
559 2213 824 2266 fefellerunt,
841 2216 898 2256 44
915 2214 1126 2267 praebere
1145 2212 1309 2265 notavi,
1329 2212 1374 2255 in
1396 2225 1509 2255 nono
1540 2212 1633 2254 fere
1666 2224 1834 2265 quoque
1857 2224 1986 2254 versu

257 2308 400 2349 unum,
431 2294 477 2338 in
507 2295 847 2350 Agamemnonis
880 2300 1023 2337 31110111
1057 2294 1257 2337 versibus
1295 2297 1380 2335 400
1416 2292 1566 2346 primis
1603 2291 1816 2335 rationem
1851 2292 1985 2335 ferme

255 2375 353 2420 fieri
383 2379 409 2418 8
428 2392 437 2419 :
456 2381 492 2418 1.
525 2375 760 2429 Sophocles
780 2375 827 2418 in
847 2375 998 2418 Aiacis
1020 2374 1146 2417 initio
1168 2374 1212 2417 in
1235 2374 1633 2417 vicesimosecundo
1663 2385 1833 2425 quoque
1857 2385 1986 2415 versu

255 2469 385 2501 unum
417 2456 595 2500 exhibet
625 2457 879 2500 vocabulum
914 2453 1037 2504 ἅπαξ
1069 2457 1319 2511 εἰρημένον.
1363 2454 1412 2496 111
1445 2454 1601 2496 Medea
1622 2453 1847 2507 Euripidis
1870 2453 1984 2496 ratio

256 2541 325 2581 est
357 2542 465 2581 100:
487 2542 524 2591 l,
554 2536 601 2580 in
631 2537 820 2592 Cyclope
853 2541 1010 2590 autem,
1043 2536 1193 2579 fabula
1223 2535 1432 2589 satyrica,
1480 2540 1534 2577 22
1555 2549 1562 2575 :
1587 2540 1624 2577 1.
1686 2535 1782 2577 Hac
1814 2546 1985 2588 compa·

254 2619 426 2662 ratione
466 2617 575 2660 nihil
617 2617 883 2673 necopinati}
913 2629 1167 2670 expressum
1213 2619 1294 2659 est.
1364 2615 1479 2659 Satis
1530 2615 1641 2658 enim
1692 2618 1839 2658 notum
1890 2619 1986 2657 erat

257 2698 467 2753 Aeschyli
511 2710 752 2742 sermonem
801 2697 1025 2741 elatiorem
1075 2709 1170 2740 esse
1200 2700 1246 2739 et
1289 2696 1518 2750 plurimum
1565 2696 1619 2738 ab
1653 2708 1731 2738 usu
1763 2695 1983 2738 cotidiano

257 2778 520 2834 discrepare,
566 2778 789 2832 Euripidis
834 2791 1073 2821 sermonem
1120 2777 1299 2831 propius
1351 2778 1562 2819 accedere
1609 2778 1661 2818 ad
1707 2775 1983 2828 cotidianum,

257 2858 513 2914 Sophoclem
558 2858 742 2902 medium
788 2859 882 2902 fere
927 2864 1076 2901 tenere
1101 2859 1274 2922 locum.
1339 2857 1463 2912 Quod
1507 2869 1608 2900 vero
1641 2857 1775 2899 multo
1808 2856 1984 2899 maioris

257 2942 325 2982 est
355 2939 570 2991 momenti,
600 2939 774 2982 fabulae
805 2939 1024 2994 satyricae
1058 2939 1271 2982 vocabula
1303 2935 1428 2986 ἅπαξ
1459 2939 1667 2992 εἰρημένα
1702 2937 1835 2979 multo
1858 2938 1984 2990 plura

257 3019 482 3063 continent
511 3032 638 3073 quam
667 3020 842 3063 fabulae
873 3019 1072 3073 tragicae
1105 3019 1294 3061 eiusdem
1326 3017 1566 3071 scriptoris.

393 3098 564 3143 Fabula
607 3100 802 3155 satyrica
846 3113 940 3143 cum
987 3099 1170 3142 inedium
1205 3100 1387 3151 quodam
1420 3100 1546 3141 modo
1578 3098 1715 3141 locum
1749 3097 1865 3140 inter
1896 3102 1984 3140 tra-

257 3179 457 3234 goediam
500 3184 544 3223 et
576 3180 838 3224 comoediam
871 3185 1020 3223 tenere
1054 3180 1267 3233 videatur,
1300 3180 1637 3232 exspectandum
1670 3179 1853 3221 fortasse
1886 3182 1983 3221 erat
