2358 3782
284 329 453 371 B·XIV‚⁴
842 329 902 365 De
928 330 1130 365 vocabulis
1155 329 1445 365 Ichneutarum.
1964 330 2009 365 69

283 477 624 530 τρίγομφος
654 475 854 518 tribus
884 474 1080 519 clavis
1110 474 1285 518 fixus.

399 554 542 603 „Ichn.
575 559 658 598 309
690 555 797 607 (XII
826 557 900 609 20)
930 553 1144 609 [ἐνήλατα
1175 554 1270 603 ξύλ’
1303 554 1361 602 ὠς
1383 558 1614 609 τρίγομφα
1637 553 1878 609 διατ]ο’ρως
1897 554 2007 610 ἐρεί-

420 634 549 677 δεται

420 736 547 788 ἅπαξ
577 741 824 794 εἰρημένον,
857 751 881 782 e
911 738 1158 794 fragmento
1188 738 1263 782 illo
1284 738 1594 781 Ichneutarum
1617 751 1644 781 a
1664 738 1840 806 Polluce
1864 740 2006 793 (10,34)

281 817 415 862 allato
446 822 594 862 notum
625 820 696 873 (fr.
729 823 812 862 293
843 819 1030 874 Nauck),
1064 820 1178 872 quod
1209 832 1235 861 a
1266 818 1511 871 Schenklio‚
1534 823 1653 862 recte
1675 819 1719 861 ni
1738 818 1880 865 fallor,
1901 819 2003 862 huic

232 927 236 930 -
279 898 376 942 loco
408 897 619 942 insertum
651 902 720 942 est
751 899 868 953 (vide
900 899 1151 954 ὁιατόρως).
1176 924 1230 929 -
1261 899 1528 942 Vocabulum
1561 899 1771 943 cotidiani
1793 900 2002 943 sermonis

277 978 503 1033 proprium
555 979 743 1034 γόμφος,
801 992 884 1032 quo
928 979 1013 1022 iam
1063 980 1279 1023 Homerus
1324 993 1427 1023 usus
1474 983 1554 1033 est,
1601 981 1835 1034 praecipue
1886 982 2001 1034 apud

278 1058 520 1113 scriptores
563 1059 772 1102 sermonis
796 1059 1020 1114 pedestris
1052 1072 1187 1113 usque
1216 1061 1272 1102 ad
1303 1064 1492 1103 aetatem
1522 1061 1762 1103 Romanam
1794 1061 1998 1103 occurrit.

277 1194 604 1252 (τροχῖώδης
634 1200 804 1239 rotae
835 1196 1069 1252 similis,
1101 1199 1406 1240 rotundus.

413 1275 536 1320 Ichn.
579 1280 663 1319 295
705 1276 813 1330 (XII
845 1279 888 1331 6)
939 1276 1084 1332 βραχύ
1089 1292 1109 1325 ς
1138 1276 1432 1333 χυτρ<ω’>ὁης
1460 1277 1675 1334 πο[ι]κίλῃ
1708 1277 1819 1334 δορᾷ
1850 1294 2002 1334 κατερ-

414 1359 697 1412 ρικνωμὲνος.

412 1459 467 1502 In
507 1459 706 1514 margine
749 1460 874 1503 varia
915 1461 1046 1504 lectio
1089 1460 1324 1516 τροχοίδης
1356 1461 1399 1516 (i.
1433 1475 1467 1505 e.
1500 1462 1745 1519 τροχοίδης)
1778 1464 2002 1518 adscripta

273 1545 356 1592 est,
401 1551 513 1594 quae
556 1551 691 1593 aeque
732 1541 844 1583 bene
876 1553 927 1583 ac
957 1540 1189 1596 χυτρώδης
1219 1542 1466 1587 sententiae
1498 1543 1712 1599 congruit,
1745 1544 2000 1593 utldifficile

273 1619 332 1664 sit
377 1618 630 1674 diiudicare,
678 1634 890 1675 quaenam
935 1622 1064 1666 lectio
1111 1623 1155 1666 in
1186 1627 1353 1667 textum
1384 1624 1636 1678 recipienda
1667 1625 1735 1678 sit,
1768 1624 1853 1668 nisi
1883 1625 1999 1669 forte

270 1705 471 1755 putemus
516 1713 667 1746 vocem
710 1703 922 1746 rariorem
971 1703 1112 1758 magis
1155 1703 1290 1748 fuisse
1337 1717 1502 1759 pravae
1547 1706 1721 1749 lectioni
1754 1707 1996 1760 obnoxiam,

268 1780 455 1836 ideoque
495 1782 754 1826 vocabulum
797 1780 923 1832 ἅπαξ
965 1785 1200 1840 εἰρημένον
1230 1784 1461 1842 χυτρώδης
1490 1787 1764 1830 retinendum
1801 1800 1909 1831 esse.
1943 1814 1998 1819 —-

271 1861 472 1906 Ceterum
502 1875 558 1906 ne
587 1861 817 1920 τροχώδης
849 1864 1019 1917 quidem
1052 1866 1312 1909 vocabulum
1344 1868 1495 1910 crebro
1528 1868 1741 1922 occurrit3
1788 1872 1997 1921 quantum

269 1941 384 1986 enim
406 1943 626 1997 equidem
656 1943 760 1995 scio,
791 1945 877 1988 huc
907 1959 1043 1999 usque
1073 1959 1158 1990 non
1188 1946 1275 1990 nisi
1302 1947 1349 1990 in
1379 1948 1543 1992 Lexico
1575 1949 1796 2003 Apollonii
1826 1950 1997 2004 (12O,1a)

269 2027 317 2066 et
359 2023 406 2067 in
447 2023 624 2067 scholiis
656 2025 710 2067 ad
741 2025 1006 2069 Nicandrum
1040 2026 1183 2077 (Ther.
1218 2029 1317 2082 166)
1349 2032 1570 2082 repertum
1601 2034 1680 2072 est.
1715 2055 1769 2060 —
1800 2030 1997 2074 Vocabu-

266 2102 355 2146 lum
385 2115 441 2146 ex
471 2105 623 2148 eadem
654 2104 794 2159 stirpe
825 2105 1070 2150 derivatum
1101 2107 1375 2163 τροχοειδής,
1408 2109 1476 2151 cui
1508 2111 1657 2152 eadem
1675 2109 1742 2153 vis
1762 2109 1888 2163 inest,
1911 2111 1995 2154 iam

267 2195 295 2227 a
335 2183 590 2240 Theognide
631 2187 690 2240 (7)
730 2190 776 2230 et
803 2186 1072 2242 Bacchylide
1102 2189 1216 2243 (8,³2)
1246 2192 1291 2232 et
1320 2189 1548 2233 Herodoto
1578 2191 1711 2245 (2,1-,0)
1740 2195 1994 2245 usurpatum

266 2267 336 2308 est
358 2260 606 2319 'posteaque
635 2279 772 2320 usque
805 2268 860 2310 ad
891 2271 1080 2311 aetatem
1112 2268 1352 2312 Romanam
1383 2270 1454 2313 hic
1485 2271 1573 2314 illic
1607 2271 1828 2327 occurrit.)
1911 2301 1913 2303 -

264 2390 395 2447 (τώς
425 2395 497 2435 ut.

402 2473 525 2517 Ichn.
570 2477 654 2517 296
697 2474 807 2530 (XII
840 2477 882 2530 7)
913 2472 973 2523 ὥς
1004 2475 1236 2531 αἰέλουρος
1267 2477 1448 2519 εἰκάσαι
1480 2480 1683 2534 πέφυκεν
1716 2479 1738 2535 ἢ
1770 2495 1856 2528 τως
1886 2479 1994 2535 πόρ-

401 2551 551 2604 duam
1110 2550 1115 2553 V

287 2685 290 2692 ·
352 2684 355 2685 ν
401 2656 505 2702 Cum
536 2659 747 2702 vocabulo
778 2658 867 2707 τώς
900 2659 967 2703 vis
986 2660 1314 2704 >coniunctionis
1345 2665 1404 2704 ut
1445 2676 1655 2717 nusquam
1699 2664 1757 2707 sit
1796 2666 1993 2710 subiecta

260 2736 345 2781 nisi
376 2737 472 2781 loco
503 2737 579 2782 illo
610 2739 931 2793 Aristophaneo
963 2741 1089 2795 (Ach.
1124 2743 1236 2797 762),
1267 2742 1340 2786 ubi
1371 2743 1562 2787 rusticus
1591 2744 1866 2800 Megarensis
1896 2759 1992 2791 ver-

260 2818 419 2862 nacula
462 2830 544 2862 sua
586 2819 773 2863 dialecto
803 2820 996 2874 loquitur
1028 2822 1164 2875 (locus
1196 2822 1367 2876 quidem
1398 2823 1669 2879 Aeschyleus
1703 2825 1837 2879 [Sept.
1871 2830 1986 2881 637J,

260 2897 334 2942 ubi
375 2900 570 2943 nonnulli
611 2900 701 2950 τώς
742 2907 803 2945 ut
848 2902 1099 2958 significare
1130 2907 1410 2958 putaverunt,
1443 2910 1519 2948 aut
1550 2910 1782 2961 corruptus
1814 2912 1883 2951 est
1913 2913 1990 2951 aut

260 2978 392 3022 aliter
421 2983 540 3023 certe
572 2982 887 3038 explicandus),
922 2983 991 3027 vir
1021 2984 1296 3028 doctissimus
1318 2985 1367 3028 P.
1390 2985 1516 3029 Maas
1539 2989 1827 3042 corruptelam
1851 2990 1988 3043 suspi-

260 3062 385 3102 catus
413 3071 492 3114 pro
523 3059 548 3115 ἢ
579 3075 666 3112 τως
696 3064 912 3107 vocabula
942 3064 1031 3105 εἴθ’
1062 3064 1121 3114 ὥς
1150 3066 1337 3121 legenda
1367 3079 1464 3110 esse
1486 3067 1669 3111 coniecit
1690 3069 1762 3123 (D.
1784 3069 1983 3113 Litzzeit.

260 3143 316 3183 33
357 3151 399 3194 p.
431 3143 576 3196 2784).
635 3143 678 3187 J.
711 3144 770 3187 M.
803 3143 941 3196 Susam,
975 3145 1045 3188 cui
1081 3145 1186 3189 item
1216 3146 1305 3195 τώς
1350 3148 1544 3201 spurium
1592 3149 1730 3192 visum
1776 3154 1855 3203 est,
1889 3164 1987 3195 con-

258 3220 468 3265 iecturam
512 3221 537 3277 ἢ
568 3223 658 3276 χαῖς
688 3223 736 3280 (ἢ
768 3228 842 3265 καὶ
862 3224 954 3282 ’ω’ς)
1004 3227 1232 3281 proposuit
1275 3228 1448 3283 (Rhein.
1480 3229 1676 3273 Museum
1709 3235 1763 3274 68
1794 3245 1834 3286 p.
1868 3235 1984 3288 307).
