2358 3782
426 325 472 358 26
1052 328 1092 363 L.
1121 328 1163 364 Ο.
1190 329 1270 364 ΤΗ.
1302 330 1534 367 ΤΗΒΕΕΒ.
1967 335 2133 378 BXIV„

427 384 2133 403 Ἣ*

564 468 860 522 Coniecturae,
906 471 1060 523 quibus
1102 472 1717 518 Wilamowitz-Moellendorff
1756 476 1932 521 lacunas
1977 480 2133 534 papyri

428 548 603 601 explere
645 553 824 592 conatus
867 554 935 593 est
971 551 1123 604 (Hunt,
1156 551 1320 606 Oxyrh.
1353 554 1458 606 Pap.
1491 554 1556 596 IX
1587 567 1627 608 p.
1659 557 1744 610 80).
1777 556 1859 599 etsi
1885 557 2133 612 ingeniosae

427 631 570 670 tamen
616 629 930 673 incertissimae
972 638 1083 674 sunt.
1144 631 1286 675 Verbo
1331 633 1443 675 enim
1476 633 1638 687 δονεῖν,
1670 637 1784 688 quod
1814 636 1938 680 Hunt
1966 639 2133 694 anglice

429 706 638 750 reddidit:
682 711 874 752 makes
904 713 1172 764 resound,
1205 712 1290 755 vim
1322 726 1519 756 sonum
1551 714 1869 759 efficiendi
1898 718 2131 763 subiectam

429 799 523 829 esse
555 800 607 830 ex
639 789 844 842 exemplis
875 789 1047 833 aliunde
1078 791 1274 846 cognitis,
1307 798 1511 856 quantum
1542 794 1737 847 equidem
1768 795 1870 847 sciO,
1903 797 2019 840 clare
2048 811 2134 842 non

427 872 619 919 apparet.
666 867 762 910 Hoc
792 868 885 911 loco
918 868 1133 923 Cyllenem
1166 872 1393 924 nympham
1426 884 1573 914 sonum
1607 873 1838 926 quatiendo
1860 875 1957 918 elici
1973 877 2134 921 dixisse

427 958 511 988 non
528 946 732 989 credibile
763 948 946 1002 videtur,
980 962 1073 991 cum
1106 951 1158 992 de
1188 951 1297 1004 lyra,
1330 951 1613 995 instrumento
1645 965 1670 995 a
1699 953 1914 998 Mercurio
1944 955 2132 1009 invento,

428 1025 574 1068 locuta
605 1027 673 1069 sit.
703 1053 760 1058 —-
790 1028 1056 1071 Vocabulum
1089 1042 1309 1073 commune
1341 1030 1504 1087 δονεῖν,
1537 1035 1650 1085 quod
1674 1033 1757 1076 iam
1778 1021 1993 1079 Homerus
2013 1048 2134 1090 prae-

428 1106 514 1159 bet,
534 1107 685 1149 deinde
717 1120 852 1161 usque
884 1110 937 1151 ad
969 1113 1157 1152 aetatem
1187 1110 1423 1154 Romanam
1454 1117 1498 1154 et
1529 1115 1642 1166 apud
1674 1114 1907 1167 scriptores
1927 1114 2134 1159 orationis

428 1186 597 1229 solutae
628 1191 673 1230 et
704 1190 817 1241 apud
849 1192 1002 1242 poetas
1032 1193 1119 1231 tam
1152 1190 1373 1233 scaenicos
1406 1204 1530 1244 quam
1562 1192 1723 1246 lyricos
1754 1194 1953 1239 occurrit.

429 1321 455 1362 δ
466 1337 526 1377 ορ
546 1323 572 1362 α’
606 1325 799 1377 pellis.

564 1416 683 1458 Ichn.
728 1421 954 1459 219—220
1000 1417 1085 1469 (IX
1133 1420 1316 1471 10—11)
1362 1418 1410 1466 ὂς
1455 1421 1542 1459 αἰεὶ
1574 1422 1749 1475 νεβρίνῃ
1795 1419 2134 1479 καθημμέν[ο]ς1

565 1493 689 1549 δορᾷ.

567 1599 616 1604 -
650 1580 732 1618 295
765 1575 871 1628 (XII
903 1579 945 1630 6)
976 1576 1143 1630 βραχύς
1163 1577 1448 1634 χυτρ<ιό>δης
1466 1572 1681 1637 πο[ι]κίλῃ
1701 1579 1815 1633 δορᾷ
1846 1594 2135 1636 κατερρικνω-

564 1657 709 1707 μένος.

567 1760 620 1764 -
654 1739 736 1777 340
768 1736 898 1788 (XIII
929 1738 1002 1792 24)
1026 1771 1034 1779 .
1057 1741 1071 1791 ]
1111 1753 1171 1792 (po
1194 1771 1203 1780 .
1226 1736 1371 1795 δ[υ]ρα
1404 1741 1430 1792 [.
1455 1771 1464 1780 .
1489 1773 1497 1781 .

561 1839 618 1844 ——
649 1820 872 1859 365—367
917 1817 1040 1871 (XIV
1070 1821 1257 1872 23—25)
1302 1817 1480 1867 <ὅ>πως
1510 1819 1564 1861 τό
1594 1820 1724 1875 χρῆμ’
1746 1817 1878 1870 οὗτος
1907 1822 2135 1878 εἰργασμέ-

571 1909 642 1942 νος
661 1901 666 1950 Ι
686 1895 1004 1952 ῥινοκόλλητον
1035 1895 1186 1939 ἄλλων
1216 1898 1402 1954 ἔκλεψεν
1433 1901 1552 1952 βοῶν
1569 1904 1576 1955 Ι
1593 1913 1683 1941 που
1705 1898 1857 1955 δοροὶ[ς
1877 1899 1922 1956 ἢ]
1944 1900 2017 1942 ’mi
2039 1903 2135 1945 τῶν

562 1978 748 2019 Λοξίου.

565 2079 789 2132 Vocabuli,
823 2079 942 2122 cuius
974 2079 1250 2122 veterrimum
1293 2081 1472 2133 praebet
1512 2081 1750 2135 exemplum
1783 2081 2002 2137 Theognis
2033 2085 2133 2137 (55),

426 2162 525 2211 post
563 2158 788 2211 Sophoclis
820 2163 1004 2202 aetatem
1036 2160 1171 2202 multa
1201 2164 1376 2203 exstant
1406 2161 1603 2215 exempla
1632 2165 1676 2203 et
1706 2163 1820 2215 apud
1850 2165 1998 2216 poetas
2033 2162 2134 2217 (Eu-

431 2238 591 2292 ripides
626 2238 742 2291 Cycl.
766 2243 862 2288 329,
886 2240 986 2293 cet.)
1017 2243 1062 2282 et
1093 2241 1207 2293 apud
1228 2240 1462 2293 scriptores
1484 2241 1692 2284 orationis
1713 2242 1880 2285 solutae
1901 2241 2133 2296 praecipue

428 2318 584 2360 aetatis
619 2318 792 2361 Atticae
824 2319 1104 2372 (Herodotus,
1126 2320 1268 2374 Plato,
1290 2321 1582 2375 Ar1stoteles),
1614 2322 1690 2363 sed
1721 2321 1850 2364 etiam
1873 2325 2016 2364 aetate
2046 2321 2131 2364 Ro-

430 2410 557 2440 mana
587 2397 880 2452 (Plutarchus)
911 2399 1112 2442 occurrit.
1164 2400 1372 2443 Elatioris
1403 2405 1470 2443 est
1500 2401 1719 2444 sermonis.

425 2537 463 2574 Δ
519 2533 649 2576 α’κιε

480 2550 503 2588 ρ
561 2615 679 2657 Ichn.
706 2619 783 2657 177
817 2615 1011 2670 (V1119)
1044 2613 1067 2656 ὁ
1100 2616 1279 2671 Δρᾶκις,
1312 2613 1334 2657 ὁ
1369 2615 1573 2674 Γράπις[
1577 2651 1705 2659 .....
1710 2615 1724 2673 ]

562 2715 686 2765 ἅπαξ
710 2720 954 2774 εἰρημένον.
998 2718 1242 2761 Verisimile
1267 2723 1334 2762 est
1364 2719 1545 2762 nominis
1575 2720 1737 2774 proprii
1759 2720 1851 2762 loco
1882 2724 2131 2774 usurpatum

427 2781 522 2839 esse
539 2796 656 2851 (vide
674 2797 874 2851 Γροῖπις).
906 2798 1071 2840 Facere
1085 2811 1171 2840 non
1184 2811 1371 2852 possum,
1390 2799 1492 2851 quin
1511 2811 1534 2841 e
1555 2799 1780 2853 glossariis
1809 2799 2132 2855 latino-graecis

423 2876 633 2919 vocabula
674 2875 907 2928 δρακίζειν,
969 2890 1050 2930 quo
1081 2877 1353 2920 scurrari
1386 2878 1560 2920 verbum
1591 2878 1769 2921 latinum
1804 2878 2058 2932 explicatur,
2090 2882 2135 2922 et

426 2954 675 3010 δρακὶστης,
700 2958 815 3008 quod
837 2958 1046 3000 vocabulo
1078 2970 1097 2999 s
1113 2969 1179 2999 c‘u
1193 2970 1289 2999 rra
1318 2959 1559 3011 respondet,
1582 2958 1858 3011 comparandi
1882 2971 2013 3002 causa
2033 2957 2133 3007 affe-

427 3047 519 3077 ram
551 3034 736 3088 (Corpus
767 3036 1089 3079 Glossariorum
1110 3037 1363 3080 Latinorum
1386 3037 1432 3079 ΙΙ
1456 3041 1588 3090 180,45
1607 3041 1652 3080 et
1673 3039 1738 3091 ιε),
1761 3037 1844 3080 etsi
1865 3039 1980 3091 apud
2001 3037 2133 3092 scrip-

425 3118 542 3157 tores
565 3115 755 3157 Graecos
776 3128 860 3158 non
877 3116 1165 3159 inveniantur.
1207 3118 1364 3170 Satyro
1387 3117 1496 3159 enim
1520 3121 1684 3166 nomen,
1705 3117 1774 3159 cui
1803 3117 2045 3160 huiusmodi
2065 3117 2131 3160 vis

424 3194 550 3246 inest,
595 3195 754 3248 optime
802 3196 1016 3239 convenit.
1062 3223 1110 3228 -
1155 3196 1349 3250 Nomina,
1397 3209 1506 3249 quae
1551 3201 1652 3239 sunt
1697 3195 1881 3251 Δράκης,
1929 3197 2131 3249 Δροὶκων,
