2358 3782
245 305 413 345 BX1V.‹
775 306 834 342 De
860 306 1064 342 vocabulis
1091 306 1380 341 Ichneutarum.
1930 306 1972 340 19

247 451 408 495 aetatis
449 451 762 495 Helleuisticae
795 456 840 494 et
872 451 1108 505 Romanae,
1145 448 1318 506 α’φύειν
1349 454 1495 494 aetate
1524 450 1689 505 Attica,
1720 450 1803 494 etsi
1834 462 1971 504 usque

247 532 305 576 ad
329 535 520 575 aetatem
549 532 789 575 Romanam
821 531 866 575 in
896 545 976 575 usu
1007 535 1115 575 erat.

247 668 443 727 βάδην
472 670 786 726 gradatim,
817 671 980 714 lento
1012 672 1212 725 gradu,
1243 669 1471 714 itinere
1502 669 1787 724 pedestri.

384 750 504 795 Ichn.
537 755 622 794 324
652 751 784 805 (ΧΠΙ
815 753 858 806 8)
889 751 941 792 τό
974 753 1160 805 πρᾶγμα
1191 747 1392 807 δὀὖπερ
1422 750 1598 807 πορεύω
1631 749 1785 807 βάδην,

385 854 654 898 Vocabulum
696 856 777 898 hoc
820 867 1056 907 commune,
1099 854 1221 898 cuius
1264 854 1507 908 exemplum
1547 854 1827 898 veterrimum
1858 858 1974 910 apud

245 933 482 978 Homerum
513 933 574 992 (Ν
591 937 692 989 516)
722 934 936 989 invenias,
955 947 1091 988 usque
1113 936 1167 977 ad
1200 938 1388 978 aetatem
1418 935 1659 978 Romanam
1689 934 1734 978 in
1764 949 1844 980 usu
1875 941 1974 981 erat

153 1029 157 1034 ’
245 1015 367 1060 velut
397 1016 515 1070 apud
545 1015 793 1070 Appianum
825 1018 933 1070 (4‚2)‚
978 1015 1237 1070 Dionysium
1277 1015 1659 1059 Halicarnasseum
1702 1018 1812 1071 (5‚44,
1860 1019 1974 1071 9‚57),

247 1094 482 1140 Lucianum
512 1095 723 1151 (pluries).

246 1233 602 1287 βαθιῖζωνος
631 1234 925 1288 profunde
956 1235 1324 1278 succinctus.

384 1315 506 1359 Ichn.
550 1318 632 1358 237
665 1314 726 1369 (X
759 1316 800 1370 1)
831 1312 992 1369 νύμφα
1023 1314 1257 1367 βαθύζωνε
1286 1314 1484 1374 π[αῦσαι
1514 1314 1670 1369 χόλου]

381 1421 442 1427 -—
471 1399 558 1439 264
586 1395 674 1450 (Xl
706 1397 806 1451 1)[.
833 1431 841 1439 .
866 1394 894 1454 .]
927 1395 1046 1451 λήθῃ
1077 1397 1156 1451 τῆς
1187 1395 1457 1449 βαθυζώνου
1489 1397 1611 1439 θεᾶς.

389 1499 486 1543 Hoc
516 1499 741 1554 epitheton
773 1501 828 1542 ad
861 1500 1067 1543 vestitum
1097 1499 1315 1555 virginum
1337 1504 1381 1543 et
1401 1500 1626 1543 mulierum
1648 1505 1862 1554 spectanS,
1885 1514 1970 1554 quo

243 1579 333 1623 iam
367 1580 583 1624 Homerus
628 1579 675 1637 (I
714 1582 813 1634 590)
844 1593 946 1623 usus
979 1584 1060 1636 est,
1081 1584 1236 1634 postea
1264 1593 1352 1623 non
1383 1580 1467 1623 nisi
1497 1581 1540 1623 in
1571 1593 1768 1634 sermone
1798 1581 1971 1635 poetico

246 1659 451 1714 occurrit,
468 1661 591 1705 velut
622 1663 737 1715 apud
768 1660 1019 1715 Pindarum,
1051 1660 1373 1715 Bacchylidem,
1406 1661 1669 1716 Aeschylum
1701 1662 1838 1716 (Pers.
1874 1667 1972 1716 155,

246 1739 436 1796 Choeph.
471 1743 584 1796 159),
617 1744 663 1784 et
691 1745 791 1795 post
821 1741 1092 1796 Sophoclem,
1124 1742 1169 1785 ni
1199 1741 1340 1796 fallor,
1375 1742 1613 1785 obsoletum
1645 1746 1725 1786 est.

248 1877 569 1935 quldvqc
612 1880 915 1924 bubulcus.

388 1959 508 2004 Ichn.
543 1963 622 2004 117
655 1961 713 2015 (V
747 1964 817 2014 12)
850 1959 1000 2009 δεινός
1030 1959 1250 2016 κυκησμὸς
1280 1955 1386 2016 εἶχ[ε
1407 1960 1461 2002 τό
1469 1977 1491 2001 ν
1512 1959 1768 2018 βοη]λα’την.

383 2064 561 2109 Initium
592 2065 805 2109 vocabuli.
839 2066 953 2119 quod
984 2065 1139 2108 lacuna
1169 2064 1328 2119 papyri
1360 2065 1548 2108 deletum
1580 2069 1659 2118 est,
1693 2070 1811 2110 recte
1848 2068 1974 2110 rest-i—

246 2149 388 2189 tutum
409 2158 505 2189 esse
536 2145 894 2189 verisimillimum
925 2149 1007 2189 est.

383 2226 596 2270 Vocabuli
626 2240 710 2270 non
734 2229 961 2270 admodum
990 2226 1231 2280 frequentis
1261 2226 1461 2280 exempla
1491 2227 1727 2270 veterrima
1756 2228 1975 2273 Pindarus

248 2305 333 2362 (Ol.
383 2308 507 2362 1320)
550 2310 596 2351 et
639 2307 884 2363 Aeschylus
928 2307 1094 2362 (Suppl.
1140 2311 1241 2361 307)
1284 2307 1511 2361 praebent.
1572 2308 1682 2351 Post
1718 2308 1972 2363 Sophoclem

245 2387 480 2443 praecipue
511 2387 554 2430 in
586 2400 783 2432 sermone
813 2388 987 2443 poetico
1019 2391 1095 2430 aut
1126 2387 1297 2431 omnino
1330 2387 1510 2430 elatiore
1543 2388 1733 2432 occurrit
1764 2394 1807 2432 et
1837 2403 1974 2444 usque

247 2468 305 2511 ad
346 2471 536 2512 aetatem
572 2468 810 2512 Romanam
841 2469 886 2512 in
917 2482 998 2512 usu
1019 2473 1115 2511 erat
1145 2469 1267 2512 velut
1297 2470 1409 2522 apud
1439 2468 1786 2523 Lycophronem,
1828 2471 1974 2514 Aelia-

245 2548 604 2605 num,Libanium
627 2549 833 2603 aliosque.
895 2549 1090 2603 Lucillio,
1123 2549 1196 2603 qui
1227 2549 1490 2593 Mercurium
1522 2548 1753 2604 βοηλάταν
1783 2552 1971 2605 appella-

238 2620 313 2674 'vit
342 2630 492 2685 (Anth.
525 2630 617 2673 Pal.
649 2630 717 2673 XI
751 2633 897 2685 176,2),
943 2630 1131 2673 fortasse
1172 2630 1218 2673 in
1261 2630 1446 2672 anImum
1491 2634 1704 2673 venerunt
1735 2631 1974 2676 Ichneutae

248 2709 487 2766 Sophoclis,
519 2711 594 2754 ubi
624 2710 648 2753 ὁ
682 2710 901 2768 βοηλάτης
931 2711 1176 2755 Mercurius
1209 2716 1287 2755 est.

245 2849 505 2904 βοίκλεψ
543 2851 706 2894 boum
745 2850 848 2893 fur.

386 2930 460 2973 Fr.
492 2935 575 2974 932
605 2930 776 2974 Nauck:
810 2929 1027 2984 βοῦκλεψ.

385 3033 482 3077 Hoc
526 3034 792 3089 vocabulum,
827 3048 910 3088 quo
942 3034 1197 3088 Sophoclem
1240 3047 1361 3077 usum
1409 3048 1504 3079 esse
1546 3049 1600 3078 ex
1632 3037 1858 3080 Athenaeo
1891 3037 1974 3091 (IX

248 3117 333 3158 409
348 3113 397 3168 C)
421 3118 620 3168 apparet,
643 3128 738 3159 cum
763 3115 989 3170 epitheton
1016 3114 1225 3158 Mercurii
1247 3115 1318 3167 sit,
1342 3127 1366 3158 e
1384 3120 1509 3169 parte
1524 3115 1830 3160 Ichneutarum
1861 3131 1975 3161 nunc

249 3194 476 3249 deperdita
516 3199 766 3250 excerptum
810 3209 905 3240 esse
933 3195 1555 3240 Wilamowitz-Moellendorff
1580 3198 1741 3252 optime
1772 3198 1975 3252 opinatus
