2358 3782
215 285 392 327 BX1V‚⁴
741 287 800 322 De
826 287 1028 343 vocabulis
1053 287 1340 323 Ichneutarum.
1897 290 1943 325 63

213 413 405 485 pantem,
449 430 493 473 ni
534 431 676 483 fallor,
713 443 818 486 prae
854 444 900 474 se
943 432 1043 484 fert,
1076 444 1169 475 cum
1203 431 1373 476 Silenus
1405 433 1457 475 de
1488 445 1635 476 novo
1666 433 1693 475 i.
1727 446 1762 476 e.
1797 433 1940 476 miro

212 509 453 566 indagandi
485 524 602 555 more
633 512 851 565 loquatur.

213 660 553 716 προστελής
593 662 882 704 tributum
914 662 1193 715 pendens,
1226 662 1548 706 studiosus.

350 740 472 784 Ichn.
521 744 688 784 78—79
736 741 823 795 (ΠΙ
867 743 1056 796 25-26)
1087 741 1189 795 ἐμοί
1218 742 1261 782 τ’
1291 741 1350 783 ιῖν
1381 742 1447 798 εἴη
1476 742 1731 798 προσφιλής
1763 742 1941 798 φράσας

350 819 470 871 τόδε,
486 822 493 876 Ι
513 822 663 879 Φοίβῳ
694 821 737 862 τ’
768 819 932 862 ἄνακτι
962 822 1214 877 προστελής
1243 821 1484 878 εὕεργέτης.

352 923 478 974 ἅπαξ
507 927 756 982 εἰρημένον,
788 926 826 968 si
858 926 988 969 lectio
1019 926 1177 980 papyri
1207 932 1420 976 servatur,
1454 939 1580 980 quam
1612 928 1736 970 Hunt
1767 927 1938 981 quidem

213 1005 424 1057 omnibus,
465 1006 515 1049 ni
558 1006 700 1060 fallor,
748 1006 822 1060 qui
863 1006 1109 1062 fragmenta
1138 1007 1448 1050 Ichneutarum
1478 1011 1796 1059 tractaverunt,
1830 1007 1938 1051 viris

213 1086 355 1130 doctis
385 1087 723 1131 assentientibus
753 1087 797 1131 in
830 1087 1044 1142 συντελής
1076 1089 1276 1140 mutavit,
1308 1088 1529 1131 librarium
1582 1088 1792 1132 vocabusso
1843 1102 1939 1132 ver-

211 1179 286 1211 sus
315 1167 622 1222 praecedentis
652 1167 909 1224 προσφιλής
938 1169 1160 1212 inductum
1191 1169 1446 1212 vocabulum
1466 1170 1608 1212 adhuc
1625 1170 1796 1213 omnino
1817 1170 1936 1225 igno-

212 1251 304 1291 tum
334 1247 558 1292 effinxisse
588 1249 790 1303 opinatus
824 1248 1005 1303 (Oxyrh.
1039 1250 1145 1304 Pap.
1178 1250 1246 1292 IX
1275 1262 1315 1303 p.
1350 1252 1434 1304 71).
1495 1250 1600 1293 Cum
1631 1254 1774 1293 autem
1808 1263 1938 1294 voca-

211 1327 359 1371 bulum
389 1327 649 1384 προστελὴς,
682 1328 765 1372 etsi
796 1342 953 1372 novum
986 1333 1065 1384 est,
1098 1333 1243 1373 tamen
1273 1330 1360 1374 vim
1390 1331 1679 1385 perspicuam,
1713 1344 1823 1384 quae
1865 1345 1938 1374 vo-

212 1408 379 1452 cabulis
418 1408 700 1466 προσπλεῖν,
746 1409 992 1463 συντελεῖν,
1038 1410 1250 1465 συντελής
1287 1414 1550 1465 comparatis
1581 1412 1717 1455 latine
1748 1412 1937 1455 alicui

212 1488 498 1533 tributum
529 1492 790 1544 pendens
822 1491 848 1534 i.
880 1504 916 1534 e.
950 1491 1137 1535 alicui
1166 1505 1394 1546 parens,
1419 1492 1680 1536 alicuius
1711 1492 1938 1536 studio-

210 1582 308 1614 sus
339 1571 465 1614 reddi
494 1570 646 1625 possit,
677 1584 785 1625 prae
817 1584 863 1615 se
892 1571 1020 1623 ierat,
1053 1572 1180 1616 lectio
1212 1573 1371 1627 papyri
1402 1573 1507 1616 mihi
1537 1573 1713 1617 videtur
1743 1586 1838 1616 esse
1871 1586 1936 1615 re—

209 1649 402 1696 tinenda.

208 1788 556 1844 προσφερής
585 1790 817 1834 Similis.

314 1923 323 1927 ,s
346 1869 467 1915 Ichn.
510 1876 595 1915 298
637 1873 747 1927 (XII
791 1875 833 1927 9)
871 1871 970 1915 οὐδ’
1015 1874 1075 1921 οἷς
1108 1875 1290 1930 ίχνευτῇ
1321 1879 1575 1932 προσφερὲς
1605 1879 1807 1932 πέφυκεν
1839 1877 1940 1920 οὐδ’
2000 1891 2004 1894 ·

347 1950 407 1999 ὥς
436 1955 628 2007 καρκίνῳ
637 1952 661 2009 3}

347 2057 403 2062 -
433 2037 515 2076 301
549 2033 657 2090 (XII
704 2035 771 2089 12)
818 2035 903 2075 νῦν
948 2034 1069 2089 ἐγγύς
1099 2035 1265 2090 ἔγν[ως]
1298 2032 1332 2092 ᾧ
1365 2036 1568 2089 μάλιστα
1598 2042 1851 2094 προσφερὲς
1883 2041 1939 2083 τὸ

347 2113 599 2158 κνωἭδαλον

346 2216 614 2260 Vocabulum
656 2219 804 2271 hocce,
849 2221 963 2272 quod
1005 2220 1186 2273 primum
1232 2222 1349 2274 apud
1378 2221 1640 2276 Aeschylum
1673 2224 1773 2278 (Ag.
1813 2228 1935 2278 1218,

209 2296 400 2352 Choeph.
429 2299 530 2353 176)
560 2299 763 2353 occurrit,
795 2312 821 2342 a
851 2300 1006 2354 poetis,
1039 2301 1160 2344 velut
1191 2302 1246 2344 ab
1278 2301 1488 2356 Euripide
1519 2306 1565 2346 et
1594 2304 1858 2358 Antiphane,
1890 2310 1935 2348 et

206 2379 443 2433 praecipue
473 2391 500 2422 a
543 2379 829 2434 scriptoribus
876 2380 1086 2424 orationis
1128 2382 1311 2435 solutae,
1356 2383 1475 2426 velut
1519 2387 1662 2427 aetate
1693 2385 1845 2429 Attica
1878 2387 1932 2430 ab

208 2457 449 2512 Herodoto,
480 2459 750 2515 Thucydide,
781 2461 978 2513 Platone,
1010 2466 1156 2506 aetate
1187 2463 1385 2506 Romana
1414 2476 1439 2506 a
1469 2464 1722 2518 PlutarchO,
1744 2466 1939 2511 Eusebio

207 2543 463 2594 usurpatum
493 2545 573 2584 est.

208 2650 715 2732 *άροψαλάσσειν
746 2684 1153 2725 contrectare.

347 2759 467 2802 Ichn.
500 2762 582 2802 241
617 2761 677 2815 (X
708 2763 750 2815 5)
780 2761 842 2816 μή
871 2777 927 2814 με
955 2764 1016 2817 μή
1049 2762 1371 2819 προψαλ[α’ξῃς
1403 2768 1585 2819 κακοῖς,]

346 2858 472 2911 ἅπαξ
500 2864 748 2920 εἰρημένον.
808 2864 853 2908 Si
884 2865 1080 2908 lacunam
1114 2866 1232 2910 recte
1265 2867 1460 2921 explevit
1490 2869 1625 2921 Hunt,
1650 2882 1802 2913 versus
1818 2871 1933 2914 verti

208 2954 336 2996 posse
365 2942 560 2987 videtur:
593 2957 659 2988 ne
690 2958 770 2988 me
800 2945 970 2989 malis
1004 2946 1202 2990 verbis
1234 2952 1594 2992 contrecteS.
1654 2949 1773 2993 Fieri
1817 2951 1930 2994 enim

174 3006 186 3018 ⁸
211 3021 286 3065 vix
314 3025 471 3077 potuit,
501 3027 552 3068 ut
581 3026 762 3068 verbum
792 3026 1144 3082 προψαλάσσειν
1177 3041 1202 3071 a
1229 3028 1550 3084 significatione
1580 3030 1702 3073 verbi
1721 3031 1929 3085 simplicis

210 3101 478 3156 ψαλάσσειν,
501 3107 617 3158 quod
639 3107 753 3160 apud
774 3106 1014 3160 scriptores
1035 3108 1196 3151 aetatis
1217 3109 1452 3162 Romanae,
1486 3111 1606 3153 velut
1638 3112 1754 3164 apud
1785 3111 1932 3154 Aelia·

207 3195 308 3225 num
339 3184 409 3238 (N.
424 3197 460 3227 a.
478 3187 568 3240 3‚s),
586 3186 789 3241 occurrit,
820 3188 970 3240 procul
1000 3189 1266 3232 recessisset..
1287 3216 1339 3220 —
1357 3190 1655 3235 Confitendum
1689 3196 1832 3235 autem
1864 3197 1940 3236 estv
