2358 3782
261 295 430 338 BXIV„
816 294 876 330 De
902 294 1106 330 vocabulis
1131 294 1420 328 Ichneutarum.
1945 293 1990 327 49

257 441 504 495 scriptores
539 439 751 484 orationis
795 438 1011 494 pedestris
1056 439 1178 482 velut
1207 441 1352 481 aetate
1383 437 1535 480 Attica
1565 438 1679 491 apud
1710 437 1990 480 Aristotelem

262 520 337 574 (H.
355 532 394 564 a.
426 520 494 563 IX
509 523 664 576 40,6·27
689 521 727 563 Β
750 519 802 576 ο),
825 523 972 563 aetate
1002 519 1199 562 Romana
1222 519 1336 572 apud
1363 517 1644 560 Plutarchum
1674 517 1804 571 (Mor.
1823 521 1903 560 125
1920 517 1989 572 F).

258 601 534 646 conchae
595 600 854 644 marinae
905 603 950 642 et
980 603 1218 643 ostreae
1268 597 1630 653 significationem
1689 600 1806 652 apud
1854 598 1991 642 Theo-

261 681 494 736 phrastum
530 681 602 736 (H.
635 681 691 735 pl.
723 680 786 723 lV
819 682 896 734 6‚7)
926 683 972 723 et-
1000 680 1242 723 Lucianum
1272 678 1412 732 (Asin.
1445 680 1517 732 47)
1547 691 1652 733 prae
1683 691 1729 722 se
1760 679 1859 722 fert.

260 797 456 863 λόχμη
500 806 780 859 insidiae,
824 807 988 850 locus
1030 805 1279 850 insidiis
1311 809 1498 859 aptus,
1533 806 1832 848 dumetum.

414 887 534 931 Ichn.
570 892 649 930 121
683 886 738 941 (V
774 888 844 942 15)
876 886 1058 941 [ἐ]χῐνος
1090 883 1149 934 ὥς
1180 885 1285 941 er[1];
1315 886 1364 926 ἐν
1395 882 1536 939 λόχμῃ
1568 893 1712 926 κεῖσαι
1743 883 1909 930 πεσών,

408 980 671 1024 Vocabulum
691 992 927 1029 commune,
945 979 1147 1033 quoinde
1170 991 1196 1022 a
1210 983 1405 1032 tempore
1437 978 1617 1022 Homeri
1639 991 1774 1031 usque
1797 980 1853 1021 ad
1876 982 1992 1021 aeta-

258 1065 350 1105 tem
383 1060 619 1104 Romanam
651 1061 889 1115 scriptores
918 1064 964 1103 et
993 1059 1205 1105 ser-monis
1236 1059 1396 1114 poetici
1428 1063 1473 1102 et
1515 1059 1732 1112 pedestris
1775 1058 1842 1102 usi
1879 1062 1993 1102 sunt.

259 1187 469 1243 μάλθῃ
511 1200 646 1232 cera
676 1187 960 1230 emollita.

405 1269 528 1313 Ichn.
563 1272 644 1311 140
675 1267 756 1321 (VI
786 1269 829 1322 8)
859 1266 1041 1323 μα’λθης
1071 1265 1247 1319 ἄναγνα
1281 1266 1492 1320 σώ[μα]τ’
1523 1265 1842 1321 ἐκμεμαγμένα.

405 1361 457 1406 In
478 1361 688 1415 exemplis
709 1359 921 1414 plurimis,
945 1372 1123 1413 quorum
1149 1358 1383 1402 veterrima
1404 1359 1640 1412 Hipponax
1661 1358 1732 1413 (ir.
1757 1363 1811 1402 50
1834 1359 1997 1415 Bergk)

258 1446 312 1486 et
341 1442 498 1486 deinde
529 1441 734 1485 Cratinus
765 1441 944 1496 (Pytine
974 1440 1027 1483 fr.
1066 1443 1152 1483 204
1183 1440 1328 1494 Kock)
1366 1440 1591 1494 praebent,
1624 1452 1784 1493 ceram,
1817 1452 1902 1493 qua
1934 1444 1996 1483 ta-

263 1522 408 1567 bellae
451 1522 712 1576 scriptoriae
741 1521 1038 1572 illinebantur‚
1070 1520 1302 1576 significat.
1365 1521 1463 1563 Hoc
1503 1524 1646 1564 autem
1687 1520 1996 1564 Ichneutarum

264 1603 362 1648 loco
397 1602 757 1659 significationem
792 1602 1058 1656 primaevam
1091 1613 1217 1644 cerae
1248 1601 1465 1644 emollitae
1495 1602 1688 1655 praebet,
1721 1601 1835 1645 sicut
1865 1601 1997 1645 etiam

266 1683 516 1740 Hesychius
546 1683 664 1726 nullo
711 1683 973 1738 scriptorum
1008 1681 1255 1726 testimonio
1290 1682 1424 1725 allato
1460 1681 1621 1734 μάλθα
1654 1681 1996 1736 μεμαλαγμένος

265 1762 398 1820 κηρός
427 1763 631 1819 explicat.
665 1805 669 1809 .

264 1867 797 1923 ἳ*μαριλοκαιῖτης
838 1867 1249 1910 carbonarius.

407 1948 528 1992 Ichn.
561 1951 733 1991 33-34
770 1947 833 2002 (II
865 1952 934 1990 6-
953 1950 996 2000 7)
1032 1946 1108 2003 [ὥς
1139 1948 1227 1988 εἴτε
1258 1946 1450 2001 ποι]μη“ν
1481 1946 1564 1986 εἴτ’
1595 1944 1843 2003 α’γρώστη[ς
1873 1945 1898 2001 ἦ
1930 1962 2001 1996 τις

406 2026 488 2082 ὥν]
507 2028 512 2084 Ι
534 2027 921 2083 [μαριλοκαυ]τῶν
951 2028 1000 2068 ἐν
1031 2028 1145 2085 λόγῳ
1178 2030 1497 2081 παρῇσταται.

412 2120 687 2174 Coniectura,
721 2133 849 2174 quam
889 2119 1514 2164 Wilamowitz-Moellendorff
1547 2120 1792 2175 fragmento
1837 2119 1999 2174 Sopho-

263 2202 363 2246 'cleo
384 2201 456 2255 (fr.
479 2205 565 2245 964
583 2201 763 2256 Nauck)
784 2201 904 2245 nisus
934 2201 1173 2256 proposuit,
1205 2201 1402 2254 reliquiis
1432 2201 1476 2244 in
1507 2213 1678 2255 papyro
1710 2205 1799 2243 tam
1831 2200 2000 2256 exiguis

265 2283 547 2328 exstantibus
588 2282 880 2327 incertissima
923 2287 1003 2338 est,
1039 2283 1123 2326 etsi
1154 2295 1240 2326 non
1270 2282 1581 2336 improbabilis,
1613 2295 1708 2325 cum
1739 2281 2000 2325 sententiam

269 2363 425 2408 bonam
457 2363 634 2408 efficiat.
696 2364 967 2408 Vocabulum
1012 2363 1348 2421 μαριλοκαῦτης
1379 2364 1494 2407 inter
1524 2361 1649 2412 ἅπαξ
1682 2365 1892 2418 εἰρημένα
1923 2375 1998 2406 nll-

268 2446 530 2489 merandum
581 2458 677 2489 esse
707 2445 896 2498 videtur,
928 2458 1021 2489 cum
1054 2446 1274 2498 hucusque
1304 2457 1390 2488 nou
1421 2444 1505 2487 nisi
1535 2445 1643 2488 locis
1673 2444 2001 2498 lexicographo-

268 2538 364 2570 rum
387 2526 556 2570 duobus
591 2530 806 2581 occurrat,
837 2527 949 2581 apud
993 2525 1259 2581 Hesychium
1292 2526 1388 2569 dico
1412 2524 1794 2580 (μαριλοκαυτῶν
1824 2524 2002 2580 οἱνθρα-

266 2606 483 2663 κευτῶν),
519 2606 592 2650 ubi
635 2607 796 2650 nullum
844 2606 1072 2661 scriptoris
1118 2607 1359 2661 exemplum
1403 2606 1582 2649 allatum
1625 2610 1704 2657 est,
1747 2610 1791 2649 et
1833 2606 1878 2649 in
1908 2606 2000 2650 loco

267 2691 478 2742 corrupto
524 2687 671 2730 Photii
714 2688 837 2741 (Lex.
871 2690 1007 2741 247,17
1038 2686 1217 2743 μαρίλη·
1250 2687 1275 2742 ή
1306 2688 1629 2742 μεμαρασμένη
1661 2684 1755 2742 ὕλη,
1789 2690 1862 2727 καὶ
1894 2688 2002 2735 τούς

267 2766 606 2821 οἱνθρακευτάς.
656 2767 919 2822 Σοφοκλῆς),
951 2768 1038 2818 ubi,
1072 2781 1166 2811 cum
1198 2780 1221 2810 e
1254 2766 1403 2810 fabula
1435 2768 1620 2820 quadam
1651 2767 1895 2821 Sophoclea
1927 2781 2001 2811 vo·

268 2847 487 2899 cabulum,
534 2851 646 2903 quod
692 2849 807 2893 idem
866 2860 916 2892 ac
961 2846 1282 2903 ἄνθρακευτάς
1335 2847 1665 2902 significaverit,
1709 2848 1888 2891 allatum
1931 2848 2001 2899 sit,

273 2927 423 2972 Naber
451 2929 791 2984 μαριλοκαιῖτας
822 2930 1058 2984 supplevit,
1091 2941 1174 2982 quo
1206 2928 1368 2972 factum
1400 2933 1480 2980 est,
1512 2932 1561 2971 ut
1591 2929 1712 2972 inter
1751 2929 2003 2984 fragmenta

267 3007 514 3064 Sophoclea
544 3009 676 3053 etiam
706 3009 1045 3065 μαριλοκαυ’της
1075 3013 1296 3063 receptum
1329 3008 1398 3052 sit.

270 3111 580 3153 *Μεθύων
611 3113 682 3156 vel
712 3113 992 3154 *Μέῧυσο
1011 3127 1044 3160 ς.

415 3192 536 3236 Ichn.
571 3195 652 3235 179
684 3191 789 3246 (VII
818 3196 892 3248 21)
923 3195 1140 3248 παρέβης·
1173 3192 1378 3246 μεθυῖων
1412 3193 1479 3236 vel
1514 3195 1745 3246 ,us't‘iaeffio‘oc

1841 3279 1863 3312 4
