2358 3782
411 347 456 382 60
1023 349 1067 384 L.
1094 349 1245 385 Ο.ΤΗ.
1280 350 1517 386 TUDEER.
1951 354 2117 397 BX1V.⁴

411 490 635 546 analogiae
666 493 905 544 captandae
936 504 1068 535 causa
1096 491 1323 548 πόρδαλιν
1353 494 1657 537 Ichneutarum
1687 494 1732 537 in
1763 494 1994 552 πάρδαλιν
2031 511 2116 540 mu-

409 574 560 623 temus,
594 583 686 613 cum
719 571 971 624 Sophoclem
1004 584 1088 614 non
1118 572 1300 615 Atthide
1331 585 1441 626 pura
1470 586 1590 616 usum
1624 586 1718 618 esse
1749 578 1892 618 notum
1924 571 1993 620 s'it.

407 721 442 747 π
457 722 478 747 ο
493 707 562 760 τη·
576 721 596 754 ς
626 720 653 760 p
669 719 692 750 ο
707 706 752 749 ti
768 719 805 750 o.

545 787 663 830 Ichn.
697 791 780 830 268
812 788 896 841 (ΧΙ
928 790 970 842 5)
1002 786 1236 841 [κᾶδεσμ]α
1266 791 1340 829 καὶ
1370 789 1552 844 ποτῆτα
1583 793 1655 830 καὶ
1687 789 1943 846 κοιμήματα

543 890 640 933 Hoc
661 890 916 933 vocabulum
932 891 1113 944 epicum,
1132 890 1253 934 cuius
1266 892 1461 946 exempla
1482 893 1714 947 praecipue
1736 894 1945 937 Homerus
1977 894 2114 948 affert,

404 973 556 1023 postea
605 966 706 1012 raro
754 970 954 1022 occurrit,
1006 970 1131 1013 velut
1177 972 1288 1024 apud
1329 971 1610 1015 Philoxenum
1655 973 1726 1027 (fr.
1766 978 1845 1026 aas
1875 974 2042 1030 Bergk)
2071 978 2117 1018 et

406 1049 685 1093 Anastasium
717 1049 801 1091 τόν
831 1049 1030 1106 τραῦλον
1060 1051 1178 1104 (Ant.
1211 1051 1304 1093 Pal.
1335 1051 1419 1094 XV
1451 1056 1569 1106 28,7).

403 1198 671 1252 στρεπτός
712 1198 1030 1249 excellens,
1071 1200 1252 1252 (clara
1284 1213 1422 1243 voce
1452 1200 1721 1255 sonans?).

540 1279 660 1321 Ichn.
693 1283 918 1321 322—323
950 1278 1082 1332 (XIII
1112 1282 1240 1333 6—7)
1263 1279 1443 1333 πρεπτᾶ
1467 1277 1624 1323 <δάὖ>
1647 1279 1724 1322 διοὲ
1745 1280 1885 1322 τόνου
1910 1281 2115 1337 φάσματ’

538 1357 702 1414 ε’·’γΙχωρ’
732 1357 1030 1411 ἐπανθεμίζει·
1918 1358 1921 1360 ’

540 1462 803 1504 Vocabulum
848 1474 927 1504 usu
970 1466 1038 1504 sat
1068 1474 1228 1514 rarum,
1261 1464 1374 1515 quod
1407 1465 1519 1516 apud
1549 1464 1811 1518 Aeschylum
1841 1464 1980 1517 (Eum.
2012 1466 2113 1519 914)
2161 1447 2165 1451 ⁵

402 1545 447 1583 et
478 1541 809 1594 Aristophanem
842 1543 957 1595 (bys.
994 1543 1119 1596 1298)
1153 1542 1351 1596 occurrit,
1386 1555 1510 1595 quam
1542 1543 1898 1597 significationem
1919 1544 2113 1588 hocloco

402 1634 507 1674 prae
538 1634 583 1664 se
614 1622 741 1671 ferat,
772 1623 967 1664 nondum·
989 1623 1104 1664 inter
1134 1623 1249 1666 viros
1282 1624 1431 1665 doctos
1463 1627 1647 1666 constat.
1691 1623 1815 1668 Hunt
1844 1623 1956 1667 enim
1986 1636 2112 1668 voca.-

401 1701 502 1743 bula
532 1700 714 1754 πρεπτοὲ
738 1701 944 1754 φάσματ’
966 1702 1133 1756 anglice
1155 1701 1320 1744 reddit:
1354 1702 1515 1744 clear
1544 1702 1766 1758 images
1796 1702 1980 1757 (Oxyrh.
2001 1703 2110 1758 Pap.

401 1781 469 1823 IX
489 1794 529 1834 p.
546 1783 631 1834 82),
654 1780 871 1835 Terzaghi
885 1781 1043 1824 italice:
1076 1781 1338 1824 mirabili
1370 1782 1766 1836 apparizi01113
1796 1783 1896 1826 huic
1911 1795 2112 1827 assensus

400 1861 618 1915 Vollgraff
647 1861 943 1915 (Mnemosyne
961 1861 1044 1904 NS.
1062 1866 1115 1916 42
1137 1875 1177 1916 p.
1204 1865 1445 1923 175—l76)
1465 1864 1662 1917 perhibet
1678 1876 1701 1906 e
1714 1864 1860 1918 gloss‘a
1879 1863 2110 1918 Hesychii:

400 1939 596 1994 πρεπτοῖ·
630 1941 953 1995 φαντάσματα,
971 1940 1147 1994 εἰκόνες,
1163 1947 1288 1995 quam
1313 1942 1929 1986 Wilamowitz-Moellendorff
1953 1943 2036 1986 iam
2067 1944 2112 1987 in

400 2020 647 2062 memoriam
678 2024 967 2068 revocaverat
998 2020 1150 2074 (Hunt,
1184 2020 1347 2076 OXyrh.
1380 2023 1486 2075 Pap.
1518 2022 1585 2065 IX
1614 2036 1653 2076 p.
1687 2024 1771 2077 82),
1803 2023 1973 2066 elucere
1996 2036 2112 2078 φαν-

399 2101 615 2152 τάσματα
644 2101 671 2143 i.
691 2113 726 2142 e.
758 2101 962 2143 larvas
992 2113 1077 2143 non
1099 2102 1234 2144 solum
1266 2102 1346 2145 hoc
1375 2102 1469 2145 loco
1502 2102 1749 2157 Sophocleo,
1782 2103 1838 2144 ad
1869 2115 1989 2155 quem
2021 2101 2111 2146 Wi-

398 2179 939 2223 lamowitz-Moellendorff
963 2184 1007 2223 et
1036 2181 1159 2223 Hunt
1189 2181 1454 2235 Hesychium
1486 2186 1684 2236 spectare
1713 2185 1881 2235 putant,
1913 2183 1989 2225 sed
2019 2193 2111 2226 sae·

397 2259 506 2313 pius,
526 2272 619 2302 cum
655 2263 799 2302 taetra
829 2264 873 2302 et
904 2260 1192 2303 abominanda
1223 2273 1317 2304 esse
1348 2262 1637 2314 crederentur,
1668 2274 1746 2316 per
1776 2262 2109 2315 euphemismum

397 2337 593 2391 πρεπτοὶ.
613 2339 730 2382 dicta
757 2351 863 2391 esse,
897 2353 982 2393 qua
1012 2342 1064 2383 de
1096 2353 1227 2383 causa
1256 2353 1424 2384 versum
1455 2341 1519 2384 ita
1551 2342 1701 2385 vertit:
1732 2343 2107 2396 verendaque

399 2420 588 2471 (huius
618 2419 753 2474 loci)
785 2419 1106 2463 simulacra
1136 2433 1274 2463 sono
1305 2421 1544 2464 concita
1574 2422 1940 2466 exoriuntur.
1986 2422 2107 2466 Com-

399 2498 567 2551 paratis
587 2501 729 2540 autem
752 2499 858 2541 locis
879 2498 1094 2542 Pindareo
1117 2499 1254 2552 (Nem.
1278 2504 1374 2550 3‚117
1397 2500 1480 2552 βοά
1506 2531 1538 2543 ..
1558 2502 1758 2554 ,sa-pensa)
1789 2506 1834 2544 et
1863 2501 2104 2556 Aeschyleo

397 2578 480 2632 Ag.
509 2582 593 2620 *321
629 2578 739 2632 βοή-ν
764 2610 772 2617 .
797 2612 806 2620 .
832 2611 840 2619 .
863 2580 1068 2633 πρέπειν)
1101 2579 1224 2622 Stahl
1255 2579 1422 2633 (Rhein.
1455 2579 1652 2623 Museum
1683 2585 1736 2623 68
1765 2594 1806 2634 p.
1839 2583 1940 2635 308)
1979 2566 2106 2625 voca·

397 2657 539 2699 bulum
564 2658 764 2713 πρεπτιίς
795 2659 1001 2711 explicat:
1035 2659 1085 2701 cl
1099 2671 1125 2701 a
1137 2672 1160 2701 r
1174 2672 1198 2701 a
1230 2672 1258 2701 v
1272 2672 1296 2703 o
1311 2672 1334 2702 c
1348 2672 1371 2702 e
1402 2672 1422 2702 s
1436 2673 1460 2703 o
1474 2673 1501 2703 n
1516 2672 1541 2702 a
1552 2673 1581 2702 n
1593 2673 1613 2703 s
1645 2666 1690 2703 et
1731 2660 1940 2704 vocabulo
1956 2659 2107 2714 ἔγχωρ·’
2193 2682 2195 2685 ·

394 2737 440 2779 in
482 2736 650 2791 ἕγχορὸ’
682 2742 845 2780 mutato
863 2751 1035 2781 versum
1068 2739 1311 2793 germanice
1342 2738 1504 2795 vertitq,
1523 2753 1551 2782 u
1564 2753 1591 2783 n
1605 2742 1633 2782 d
1661 2754 1688 2784 v
1702 2753 1725 2783 e
1739 2753 1762 2782 r
1773 2753 1801 2784 n
1814 2753 1837 2783 e
1850 2741 1878 2783 h
1891 2741 1986 2783 mli
2000 2753 2023 2784 c
2035 2740 2064 2782 h
2076 2752 2100 2784 e

395 2816 760 2871 Tongebilde
803 2818 1107 2860 schmiickt
1156 2819 1242 2861 sie
1286 2818 1382 2861 auf
1423 2821 1525 2862 den
1549 2819 1754 2863 Saiten
1794 2819 2100 2863 wiederum

395 2909 421 2938 a
434 2909 461 2938 u
474 2909 508 2938 s.
534 2897 666 2939 Hanc
683 2897 1016 2950 explicationem
1036 2897 1233 2942 vocabuli
1248 2896 1448 2953 πρεπτός
1465 2899 1697 2943 Miinscher
1713 2911 1880 2953 quoque
1895 2898 2102 2954 probavit

394 2975 561 3028 (Rhein.
594 2976 789 3018 Museum
822 2981 875 3018 69
907 2990 947 3030 p.
999 2981 1130 3020 185-
1143 2979 1255 3031 186),
1286 2979 1363 3021 sed
1403 2982 1546 3021 monet
1576 2991 1747 3021 versum
1797 2979 1927 3023 etiam
1955 2979 2104 3023 immu-

393 3058 531 3098 tatum
575 3056 830 3098 sententiam
879 3056 987 3099 satis
1033 3057 1303 3111 perspicuam
1348 3058 1568 3111 praebere,
1608 3070 1734 3111 quam
1765 3057 2010 3113 germanice
2039 3060 2102 3103 ita

392 3134 556 3178 reddit:
602 3137 764 3178 laute
801 3136 1167 3191 Tongebilde
1201 3138 1415 3180 bliihen
1447 3151 1525 3180 am
1557 3137 1697 3181 Orte
1727 3151 1929 3192 empor.
1981 3139 2101 3194 Quae

391 3214 710 3268 interpretatio,
759 3217 954 3268 quamvis
984 3216 1340 3270 speciosissimam
1371 3217 1534 3260 efficiat
1562 3217 1832 3271 sententiam,
1864 3218 1997 3261 nihilo
2028 3219 2100 3261 mi-
