2358 3782
242 316 409 358 BXIV.⁴
766 316 826 352 De
852 315 1056 351 vocabulis
1079 314 1371 350 Ichneutarum.
1925 311 1971 346 57

241 377 395 384 -...--

243 460 450 506 Cratinus
481 463 618 516 (Nem.
650 461 702 504 fr.
739 463 819 512 116
849 461 993 514 Kock)
1023 463 1069 502 et
1098 458 1258 502 Callias
1302 459 1425 511 (Ped.
1474 458 1526 500 fr.
1575 461 1627 500 16
1672 456 1815 510 Kock)
1845 466 1970 509 prae-

239 541 360 593 bent,
399 542 556 586 deinde
587 546 634 585 et
661 529 895 595 Euripides
939 540 1034 594 (Ion
1068 542 1211 594 1304)
1255 544 1300 582 et
1344 539 1665 593 Aristophanes
1710 538 1811 592 (Av.
1857 538 1967 590 142),

239 621 286 666 in
315 621 467 677 primis
499 626 643 666 autem
675 621 914 676 scriptores
946 620 1159 664 orationis
1191 620 1360 663 solutae
1391 619 1457 661 usi
1488 623 1591 662 sunt
1624 618 1725 661 inde
1747 618 1801 660 ab
1824 619 1971 660 aetate

240 701 394 747 Attica
437 715 574 756 usque
620 703 675 745 ad
722 705 910 745 aetatem
966 700 1270 756 Byzantinam‚
1318 711 1404 753 qua
1450 703 1595 742 aetate
1649 697 1970 754 significatione

247 781 515 837 aliquantum
547 786 717 826 mutata
749 794 774 825 a
805 781 1092 836 scriptoribus
1123 779 1435 824 ecclesiasticis
1466 784 1720 834 usurpatum
1753 781 1832 822 est.

239 942 542 999 πέδορτος
573 957 596 987 e
627 944 751 987 solo
782 947 1043 987 exortus.

377 1036 498 1080 Ichn.
545 1024 773 1079 2'11—213
819 1035 904 1087 (IX
949 1037 1079 1089 2—4)
1125 1027 1225 1075 a’w
1261 1034 1343 1089 ἐγώ
1376 1034 1497 1088 τοίχα
1513 1034 1520 1090 Ι
1538 1035 1724 1088 φ[έρ]ων
1755 1031 1969 1085 κτιῖ[π]ον

378 1115 606 1170 πέδορτον
637 1116 925 1170 ἐξαναγκάσαι
943 1114 1231 1171 [πηδήμασιν
1262 1122 1526 1171 κραιπνοῖσι

377 1218 502 1270 ἅπαξ
547 1223 794 1276 εἰρημένον.
835 1220 914 1263 Sat
958 1232 1062 1262 rara
1106 1223 1209 1262 sunt
1254 1219 1467 1262 vocabula
1499 1218 1754 1272 composita,
1787 1229 1967 1270 quorum

238 1314 344 1358 pars
372 1301 591 1357 posterior
622 1315 772 1356 -ορτος
801 1305 882 1356 est,
906 1301 1053 1354 qualia
1075 1300 1261 1355 exempli
1283 1313 1417 1344 causa
1438 1300 1616 1343 afferam
1639 1303 1829 1354 θέορτος
1849 1299 1966 1354 (Pin-

237 1384 372 1426 darus
403 1382 469 1426 Ol.
504 1385 594 1435 2,67‚
627 1382 872 1436 Aeschylus
903 1383 1045 1425 Prom.
1081 1384 1195 1435 765),
1230 1383 1411 1435 νέορτος
1444 1381 1698 1435 (Sophocles
1729 1380 1815 1423 OC.
1842 1383 1966 1432 1507,

237 1463 394 1507 Trach.
426 1467 524 1514 894,
552 1462 606 1505 fr.
640 1467 722 1505 788
753 1462 938 1516 Nauck),
969 1461 1246 1516 παλίνορτος
1278 1462 1540 1516 (Aeschylus
1571 1462 1653 1517 Ag.
1691 1463 1789 1516 154)
1821 1465 1866 1503 et
1897 1475 1969 1501 κο-

239 1547 427 1599 νίορτος,
461 1545 573 1598 quod
606 1557 684 1586 usu
718 1544 985 1586 communius
1016 1548 1083 1586 est
1113 1543 1382 1597 primumque
1414 1544 1530 1597 apud
1563 1543 1830 1585 Herodotum
1855 1543 1969 1596 (δρᾶ)

238 1623 443 1668 occurrit.

374 1705 490 1760 (Huc
506 1718 594 1748 non
614 1705 807 1758 pertinet
826 1704 932 1747 illud
955 1702 1170 1758 πέδορτα,
1187 1705 1301 1758 quod
1324 1703 1572 1758 Hesychius
1594 1702 1800 1757 explicat:
1825 1701 1967 1758 ἡμέρα

234 1768 284 1827 ἐν
314 1781 339 1842 ᾖ
369 1783 425 1826 οὐ
454 1788 624 1839 γίνεται
656 1783 800 1840 ἑορτή,
832 1785 994 1828 aeolice
1025 1785 1138 1827 enim
1171 1798 1248 1839 pro
1280 1787 1526 1839 μεθέορτυς
1559 1785 1722 1828 dictum
1755 1786 1853 1838 est.)

235 1946 536 1996 *κέλεθος
572 1951 822 1990 stercus.

372 2028 505 2083 Ichns
536 2042 622 2082 414
651 2039 778 2093 (XVI
812 2041 866 2092 1),
899 2039 1058 2092 versui,
1093 2038 1166 2092 qui
1198 2051 1252 2082 ex
1283 2038 1379 2093 ipso
1410 2042 1535 2082 textu
1564 2051 1743 2093 prorsus
1774 2037 1964 2091 evanuit,

298 2168 306 2179 ι
371 2119 418 2162 in
455 2119 649 2174 margine
681 2119 948 2173 adscriptum
982 2119 1228 2173 [π]ελε’θοις
1259 2121 1404 2173 βοών[
1759 2104 1762 2108 ’
1967 2102 1969 2104 ’

371 2224 564 2278 Propter
624 2223 919 2268 mutilationes
969 2223 1125 2278 papyri
1179 2237 1258 2277 pro
1305 2228 1426 2267 certo
1478 2236 1564 2267 non
1614 2223 1766 2267 haberi
1816 2227 1966 2278 potest
2049 2256 2052 2259 -

234 2304 489 2359 Sophoclem
519 2305 732 2348 vocabulo
763 2303 953 2353 πέλεθος
985 2305 1216 2347 sermonis·
1237 2303 1444 2347 cotidiani
1484 2304 1663 2358 proprio
1698 2317 1821 2348 usum
1852 2317 1962 2360 esse,

234 2385 356 2430 cuius
386 2385 586 2440 exempla
605 2386 840 2439 hucusque,
860 2390 1066 2438 quantum
1084 2385 1188 2436 selo,
1213 2385 1451 2428 veterrima
1481 2387 1595 2439 apud
1626 2385 1963 2440 Aristophanem

233 2465 359 2521 (Ach.
395 2469 520 2520 1170,
554 2466 673 2509 Eccl.
708 2467 808 2520 595)
841 2470 1088 2509 occurrunt.

231 2629 494 2684 πίθηκος
532 2627 716 2672 Simia.

369 2720 461 2764 Ich.
499 2724 578 2764 122
611 2721 667 2775 (V
700 2723 770 2774 17)
802 2719 861 2775 [ἦ]
884 2734 952 2770 τις
982 2723 1212 2776 πίθη[κο]ς
1242 2720 1367 2774 κύβδ’
1397 2719 1738 2774 οἷποθυμαίνεις
1768 2724 1875 2765 τινί,

370 2824 639 2869 Vocabulum
684 2824 895 2868 sermonis
942 2825 1163 2880 cotidiani,
1194 2825 1317 2869 cuius
1348 2825 1547 2879 exempla
1580 2825 1814 2869 veterrima
1845 2827 1962 2880 apud

231 2904 539 2949 Archilochum
585 2906 654 2959 (fr.
703 2910 805 2961 89‚a‚
852 2910 904 2949 91
940 2907 1106 2962 Bergk)
1137 2911 1385 2960 occurrunt,
1417 2910 1518 2960 post
1560 2910 1748 2950 aetatem
1796 2906 1959 2961 Sopho-

233 2985 370 3028 cleam
390 2990 437 3029 et
457 2998 484 3029 a
503 2986 795 3040 scriptoribus
826 2987 1034 3030 orationis
1055 2987 1272 3041 pedestris
1304 2991 1350 3030 et
1380 2999 1407 3030 a
1435 2986 1579 3041 poetis
1610 3000 1743 3041 usque
1775 2988 1830 3030 ad
1866 2986 1960 3030 infi-

234 3077 344 3109 mam
391 3069 579 3110 aetatem
625 3067 861 3110 Romanam
903 3067 972 3110 vel
1003 3066 1181 3121 proprie
1212 3068 1265 3110 de
1297 3067 1432 3110 simiis
1464 3067 1534 3111 vel
1567 3067 1877 3111 contumeliose
1907 3069 1960 3110 de

230 3145 476 3189 hominibus
507 3151 764 3201 usurpatum
796 3152 876 3190 est.
