2358 3782
407 357 450 392 70
1020 356 1062 392 L.
1090 356 1500 393 O.TH.TU‘DnnR.
1943 356 2109 402 Bm„

408 500 511 543 Cum
555 504 642 542 tam
679 500 767 543 levi
796 500 1035 543 mutatione
1077 499 1210 543 dictio
1242 512 1268 542 a
1298 511 1492 543 sermone
1522 499 1694 542 fabulae
1725 500 1900 544 Atticae
1930 513 2109 555 prorsus

409 579 550 622 aliena
579 579 792 622 removeri
821 579 970 633 possit,
1001 591 1086 622 non
1116 583 1195 631 est,
1227 592 1303 622 cur
1326 578 1668 622 emendationem
1687 579 1856 634 Maasii,
1875 563 1988 633 quae
2007 580 2110 624 mihi

410 658 578 711 quidem
612 658 749 713 magis
780 671 906 711 quam
939 658 1188 702 coniectura
1218 658 1374 702 Stahlii
1403 659 1559 714 placet,
1590 658 1849 712 reiciamus.)

406 810 430 834 v
467 811 507 843 v,
540 808 564 834 v
598 807 621 834 v

543 873 662 916 Ichn.
697 877 776 915 125
808 872 862 926 (V
893 874 964 926 20)
995 871 1021 912 ὓ
1056 868 1115 925 [ὖ]
1147 872 1172 913 ὓ
1208 868 1248 913 25.

545 979 595 983 -
631 955 710 995 170
742 952 845 1007 (VII
877 955 947 1006 12)
978 947 1105 1004 ὖῦιῗ,
1140 959 1178 1006 ’ψ
1197 959 1247 1005 ψ,
1279 949 1368 1004 α’ἆ,
1400 930 1583 1008 λέγ’ὅτὶ
1616 961 1777 1002 πονεῖς.

543 1055 904 1108 Interiectionem,
935 1068 1018 1108 qua
1050 1055 1368 1109 Aristophanes
1398 1056 1530 1109 (Plut.
1563 1057 1664 1111 895)
1684 1069 1846 1110 sonum,
1869 1069 1993 1110 quem
2014 1057 2111 1111 quis

406 1136 612 1179 olfaciens
644 1136 843 1190 spiritum
873 1136 1049 1178 naribus
1080 1137 1337 1178 attrahendo
1369 1136 1472 1187 edit,
1503 1135 1697 1179 imitatus
1717 1139 1798 1190 est,
1818 1139 1948 1190 poeta
1968 1139 2113 1180 noster

406 1228 536 1259 versu
583 1218 661 1258 125
709 1217 763 1258 ad
808 1220 1022 1258 terrorem
1068 1216 1404 1269 exprimendum,
1442 1227 1570 1258 versu
1603 1219 1683 1258 170
1710 1219 1762 1258 ut
1790 1215 1976 1259 sonitum
2002 1215 2111 1259 olto,—

408 1295 566 1338 cientis
596 1295 666 1338 vel
695 1294 882 1338 fortasse
913 1294 1061 1337 itidem
1093 1299 1142 1337 ut
1171 1298 1383 1337 terrorem
1415 1295 1690 1350 exprimeret,
1722 1295 1929 1339 adhibuit.

406 1441 631 1498 ὑλώδης
662 1443 940 1496 silvosus,
972 1456 1325 1486 nemorosus.

542 1523 902 1566 Ichn.215—216
934 1523 1017 1576 (IX
1038 1525 1169 1577 6-7)
1201 1525 1343 1576 θῆρες,
1375 1526 1421 1564 τί
1445 1522 1610 1576 [τό]νδε
1641 1523 1825 1579 χλοερόν
1856 1522 2004 1578 ὑλώδη
2024 1524 2111 1565 ποί-

542 1602 889 1659 γον1ὲ’ν[θ]ηρον
921 1603 1162 1658 ὡρμήθητε
1193 1602 1276 1644 σῦν
1307 1601 1453 1656 πολλῇ
1484 1604 1585 1657 βοῇς

541 1707 828 1749 Veterrimum
871 1710 938 1749 est
980 1706 1215 1760 exemplum
1260 1704 1459 1748 vocabuli
1490 1705 1699 1748 sermonis
1727 1709 1778 1748 ut
1805 1705 1979 1749 videtur
2005 1706 2112 1762 coti-5

409 1786 539 1836 diani,
572 1799 654 1839 quo
687 1790 830 1829 aetate
859 1785 1010 1849 Attica
1040 1785 1315 1839 Thucydides
1346 1785 1422 1839 (IV
1442 1787 1519 1839 8‚o)
1536 1789 1581 1828 et
1604 1786 1849 1839 Xenophon
1862 1784 2112 1840 (Gya-ests),

411 1866 566 1909 deinde
597 1879 729 1919 usque
760 1868 815 1908 ad
846 1870 1034 1909 aetatem
1064 1865 1351 1920 Byzantinam
1383 1865 1618 1923 scriptores
1649 1865 1856 1908 orationis
1898 1864 2114 1919 pedestris

407 1946 473 1988 usi
503 1950 615 1989 sunt.
645 1971 702 1976 —
730 1946 995 1989 Vocabulum
1040 1945 1267 1999 poeticum,
1317 1947 1429 1999 quod
1475 1946 1652 1988 eandem
1694 1945 1787 1988 iere
1816 1945 1902 1988 vim
1932 1956 2037 1999 prae
2066 1957 2114 1988 se

409 2026 508 2078 fert,
539 2023 686 2081 ὑλήεις
716 2026 844 2069 etiam
876 2039 902 2068 a
932 2026 1142 2079 Sophocle
1172 2025 1259 2081 (Ai.
1294 2027 1422 2079 1218)
1452 2028 1704 2079 usurpatum
1737 2028 1815 2068 est.

406 2160 778 2212 ὐποκλάζειν
808 2176 1032 2217 sonare,
1064 2162 1531 2206 lamentationes
1560 2162 1793 2205 tollere.

545 2244 666 2286 Ichn.
714 2246 937 2286 171—172
983 2243 1084 2297 (VII
1133 2244 1315 2296 13-14)
1345 2245 1391 2283 τί
1419 2241 1569 2297 μάτην
1600 2239 1836 2296 ὑπέκλαγες
1865 2240 2090 2296 ὑπέκριγες
2100 2242 2111 2297 Ι

543 2323 634 2364 ιῖπό
663 2324 710 2376 μ’
739 2322 846 2373 meg-5

545 2424 668 2475 ἅπαξ
699 2428 942 2481 εἰρημένον.
988 2426 1175 2469 Verbum
1208 2425 1402 2479 simplex,
1426 2426 1538 2478 quod
1567 2425 1651 2467 iam
1683 2425 1736 2467 ab
1764 2425 1952 2467 Homero
1984 2435 2115 2478 saepe

410 2510 662 2559 usurpatum
706 2509 785 2560 est,
827 2505 870 2548 in
912 2505 1061 2559 primis
1101 2506 1215 2558 apud
1245 2507 1412 2558 poetas,
1442 2504 1583 2547 rarius
1614 2505 1727 2557 apud
1757 2503 1989 2557 scriptores
2020 2514 2115 2546 ora-

411 2585 541 2628 tionis
570 2586 784 2639 pedestris
816 2585 1016 2629 occurrit.

547 2667 720 2718 (Aetate
766 2665 959 2708 Romana
1004 2669 1047 2707 et
1078 2665 1312 2718 scriptores
1343 2665 1568 2717 pedestres
1599 2666 1643 2706 et
1671 2665 1827 2716 poetae
1868 2661 1952 2705 alio
1995 2661 2107 2703 ὑπο·
2189 2682 2191 2685 ·

410 2743 585 2793 κλάζειν
615 2745 748 2787 verbo
780 2757 834 2787 ex
860 2742 1072 2793 ὀκλάζειν
1102 2744 1299 2787 derivato
1331 2743 1397 2786 usi
1428 2744 1559 2797 sunt.)

411 2880 768 2934 ύποκρίζειν
805 2881 970 2924 tenui
1002 2893 1145 2924 voce
1176 2879 1454 2923 stridere.
1487 2877 1493 2884 '

543 2962 663 3004 Ichn.
711 2965 933 3004 171—172
977 2960 1080 3015 (VII
1124 2962 1307 3014 13—14)
1336 2962 1384 3000 τί
1412 2958 1565 3014 μα’την
1596 2955 1830 3012 ὑπέκλαγες
1859 2954 2111 3012 ὑπέκριγες]

548 3040 640 3081 ὑπό
670 3041 717 3093 μ’
749 3039 856 3090 ἴδεςς

545 3144 693 3198 Longe
745 3142 1019 3185 veterrimum
1070 3146 1138 3185 est
1187 3142 1425 3195 exemplum
1470 3139 1682 3192 vocabuli,
1728 3139 1848 3182 cuius
1877 3139 2112 3191 hucusque,

410 3226 617 3276 quantum
646 3223 844 3275 equidem
872 3222 975 3275 scio,
1007 3222 1177 3264 unicum
1208 3221 1445 3274 exemplum
1488 3222 1632 3262 aetate
1673 3219 1869 3261 Romana
1906 3217 2113 3260 Aelianus
