<?xml version="1.0" encoding="UTF-8"?>
<!DOCTYPE html PUBLIC "-//W3C//DTD XHTML 1.0 Transitional//EN"
    "http://www.w3.org/TR/xhtml1/DTD/xhtml1-transitional.dtd">
<html xmlns="http://www.w3.org/1999/xhtml" xml:lang="en" lang="en">
 <head>
  <title>
</title>
<meta http-equiv="Content-Type" content="text/html;charset=utf-8" />
  <meta name='ocr-system' content='tesseract 3.04.00' />
  <meta name='ocr-capabilities' content='ocr_page ocr_carea ocr_par ocr_line ocrx_word'/>
</head>
<body>
  <div class='ocr_page' id='page_1' title='image "./devocabulisquibu00tudeuoft_0074.png"; bbox 0 0 2358 3782; ppageno 0'>
   <div class='ocr_carea' id='block_1_1' title="bbox 407 329 2117 372">
    <p class='ocr_par' dir='ltr' id='par_1_1' title="bbox 407 329 2117 372">
     <span class='ocr_line' id='line_1_1' title="bbox 407 329 2117 372; baseline 0.001 -7"><span class='ocrx_word' id='word_1_1' title='bbox 407 331 452 365; x_wconf 82' lang='lat'>66</span> <span class='ocrx_word' id='word_1_2' title='bbox 507 361 512 366; x_wconf 81' lang='grc'><em>.</em></span> <span class='ocrx_word' id='word_1_3' title='bbox 970 329 1480 366; x_wconf 66' lang='lat' dir='ltr'>.L.O.T11.&#39;runmmz.</span> <span class='ocrx_word' id='word_1_4' title='bbox 1947 330 2117 372; x_wconf 73' lang='lat' dir='ltr'><strong>BXJV.·</strong></span> 
     </span>
    </p>
   </div>
   <div class='ocr_carea' id='block_1_2' title="bbox 405 472 2120 1086">
    <p class='ocr_par' dir='ltr' id='par_1_2' title="bbox 405 472 2120 1086">
     <span class='ocr_line' id='line_1_2' title="bbox 408 472 2120 527; baseline 0.001 -11"><span class='ocrx_word' id='word_1_5' title='bbox 408 477 452 517; x_wconf 88' lang='lat' dir='ltr'>et</span> <span class='ocrx_word' id='word_1_6' title='bbox 497 474 649 516; x_wconf 91' lang='lat' dir='ltr'>deinde</span> <span class='ocrx_word' id='word_1_7' title='bbox 695 486 779 516; x_wconf 90' lang='lat' dir='ltr'>non</span> <span class='ocrx_word' id='word_1_8' title='bbox 822 473 957 516; x_wconf 93' lang='lat' dir='ltr'>solum</span> <span class='ocrx_word' id='word_1_9' title='bbox 989 474 1104 526; x_wconf 88' lang='lat' dir='ltr'>apud</span> <span class='ocrx_word' id='word_1_10' title='bbox 1135 472 1370 526; x_wconf 82' lang='lat' dir='ltr'>scriptores</span> <span class='ocrx_word' id='word_1_11' title='bbox 1401 474 1477 516; x_wconf 89' lang='lat' dir='ltr'>sed</span> <span class='ocrx_word' id='word_1_12' title='bbox 1517 473 1647 516; x_wconf 87' lang='lat' dir='ltr'>etiam</span> <span class='ocrx_word' id='word_1_13' title='bbox 1686 473 1729 515; x_wconf 92' lang='lat' dir='ltr'>in</span> <span class='ocrx_word' id='word_1_14' title='bbox 1759 473 2120 527; x_wconf 70' lang='lat' dir='ltr'>inscriptionibus</span> 
     </span>
     <span class='ocr_line' id='line_1_3' title="bbox 409 552 2119 610; baseline 0 -15"><span class='ocrx_word' id='word_1_15' title='bbox 409 553 633 607; x_wconf 84' lang='lat' dir='ltr'>lapidariis</span> <span class='ocrx_word' id='word_1_16' title='bbox 678 566 829 596; x_wconf 90' lang='lat' dir='ltr'>nomen</span> <span class='ocrx_word' id='word_1_17' title='bbox 859 553 989 596; x_wconf 86' lang='lat' dir='ltr'>virile</span> <span class='ocrx_word' id='word_1_18' title='bbox 1019 557 1098 595; x_wconf 87' lang='lat' dir='ltr'>est.</span> <span class='ocrx_word' id='word_1_19' title='bbox 1145 552 1295 606; x_wconf 84' lang='lat' dir='ltr'>Neque</span> <span class='ocrx_word' id='word_1_20' title='bbox 1326 556 1405 606; x_wconf 88' lang='lat' dir='ltr'>est,</span> <span class='ocrx_word' id='word_1_21' title='bbox 1437 565 1513 596; x_wconf 90' lang='lat' dir='ltr'>cur</span> <span class='ocrx_word' id='word_1_22' title='bbox 1540 553 1842 596; x_wconf 83' lang='lat' dir='ltr'>obliviscemur</span> <span class='ocrx_word' id='word_1_23' title='bbox 1890 554 2119 610; x_wconf 71' lang='grc' dir='ltr'>Στράτιος</span> 
     </span>
     <span class='ocr_line' id='line_1_4' title="bbox 407 632 2112 688; baseline 0 -12"><span class='ocrx_word' id='word_1_24' title='bbox 407 633 535 676; x_wconf 89' lang='lat' dir='ltr'>etiam</span> <span class='ocrx_word' id='word_1_25' title='bbox 579 646 811 688; x_wconf 83' lang='lat' dir='ltr'>cognomen</span> <span class='ocrx_word' id='word_1_26' title='bbox 840 633 960 677; x_wconf 86' lang='lat' dir='ltr'>Iovis</span> <span class='ocrx_word' id='word_1_27' title='bbox 991 636 1037 675; x_wconf 88' lang='lat' dir='ltr'>et</span> <span class='ocrx_word' id='word_1_28' title='bbox 1066 633 1223 676; x_wconf 89' lang='lat' dir='ltr'>Martis</span> <span class='ocrx_word' id='word_1_29' title='bbox 1252 645 1332 675; x_wconf 91' lang='lat' dir='ltr'>nec</span> <span class='ocrx_word' id='word_1_30' title='bbox 1360 645 1444 675; x_wconf 92' lang='lat' dir='ltr'>non</span> <span class='ocrx_word' id='word_1_31' title='bbox 1475 632 1697 676; x_wconf 87' lang='lat' dir='ltr'>Minervae</span> <span class='ocrx_word' id='word_1_32' title='bbox 1727 645 1835 677; x_wconf 85' lang='lat' dir='ltr'>esse.</span> <span class='ocrx_word' id='word_1_33' title='bbox 1894 633 2009 677; x_wconf 90' lang='lat' dir='ltr'>Loco</span> <span class='ocrx_word' id='word_1_34' title='bbox 2041 646 2112 676; x_wconf 85' lang='lat' dir='ltr'>au-</span> 
     </span>
     <span class='ocr_line' id='line_1_5' title="bbox 406 696 2116 768; baseline 0 -12"><span class='ocrx_word' id='word_1_35' title='bbox 406 718 492 757; x_wconf 90' lang='lat' dir='ltr'>tem</span> <span class='ocrx_word' id='word_1_36' title='bbox 538 718 686 756; x_wconf 91' lang='lat' dir='ltr'>nostro</span> <span class='ocrx_word' id='word_1_37' title='bbox 733 713 831 756; x_wconf 89' lang='lat' dir='ltr'>huic</span> <span class='ocrx_word' id='word_1_38' title='bbox 876 713 1086 756; x_wconf 90' lang='lat' dir='ltr'>vocabulo</span> <span class='ocrx_word' id='word_1_39' title='bbox 1130 713 1198 756; x_wconf 85' lang='lat' dir='ltr'>vis</span> <span class='ocrx_word' id='word_1_40' title='bbox 1230 696 1439 765; x_wconf 81' lang='lat' dir='ltr'>quaedam</span> <span class='ocrx_word' id='word_1_41' title='bbox 1470 712 1632 755; x_wconf 92' lang='lat' dir='ltr'>comica</span> <span class='ocrx_word' id='word_1_42' title='bbox 1660 712 1786 768; x_wconf 88' lang='lat' dir='ltr'>inest,</span> <span class='ocrx_word' id='word_1_43' title='bbox 1818 725 1913 756; x_wconf 92' lang='lat' dir='ltr'>cum</span> <span class='ocrx_word' id='word_1_44' title='bbox 1943 713 2116 768; x_wconf 72' lang='lat' dir='ltr'>Satyro,</span> 
     </span>
     <span class='ocr_line' id='line_1_6' title="bbox 410 791 2112 847; baseline 0 -11"><span class='ocrx_word' id='word_1_45' title='bbox 410 807 534 847; x_wconf 89' lang='lat' dir='ltr'>quem</span> <span class='ocrx_word' id='word_1_46' title='bbox 565 806 687 837; x_wconf 89' lang='lat' dir='ltr'>nemo</span> <span class='ocrx_word' id='word_1_47' title='bbox 717 793 919 847; x_wconf 85' lang='lat' dir='ltr'>pavidum</span> <span class='ocrx_word' id='word_1_48' title='bbox 948 792 1242 847; x_wconf 87' lang='lat' dir='ltr'>ignavumque</span> <span class='ocrx_word' id='word_1_49' title='bbox 1273 805 1367 835; x_wconf 90' lang='lat' dir='ltr'>esse</span> <span class='ocrx_word' id='word_1_50' title='bbox 1397 791 1582 847; x_wconf 88' lang='lat' dir='ltr'>ignoret,</span> <span class='ocrx_word' id='word_1_51' title='bbox 1599 792 1843 836; x_wconf 88' lang='lat' dir='ltr'>huiusmodi</span> <span class='ocrx_word' id='word_1_52' title='bbox 1864 805 2017 838; x_wconf 84' lang='lat' dir='ltr'>nomen</span> <span class='ocrx_word' id='word_1_53' title='bbox 2037 792 2112 836; x_wconf 92' lang='lat' dir='ltr'>im-</span> 
     </span>
     <span class='ocr_line' id='line_1_7' title="bbox 405 866 2118 928; baseline 0 -12"><span class='ocrx_word' id='word_1_54' title='bbox 405 874 590 927; x_wconf 88' lang='lat' dir='ltr'>positum</span> <span class='ocrx_word' id='word_1_55' title='bbox 629 873 698 916; x_wconf 88' lang='lat' dir='ltr'>sit.</span> <span class='ocrx_word' id='word_1_56' title='bbox 725 897 773 903; x_wconf 92' lang='lat'>—</span> <span class='ocrx_word' id='word_1_57' title='bbox 796 873 919 915; x_wconf 89' lang='lat' dir='ltr'>Alias</span> <span class='ocrx_word' id='word_1_58' title='bbox 951 872 1212 915; x_wconf 87' lang='lat' dir='ltr'>adiectivum</span> <span class='ocrx_word' id='word_1_59' title='bbox 1242 866 1458 928; x_wconf 71' lang='grc' dir='ltr'><strong><em>στροὶτιὸς</em></strong></span> <span class='ocrx_word' id='word_1_60' title='bbox 1487 872 1751 916; x_wconf 85' lang='lat' dir='ltr'>rarissimum</span> <span class='ocrx_word' id='word_1_61' title='bbox 1793 875 1882 926; x_wconf 89' lang='lat' dir='ltr'>est;</span> <span class='ocrx_word' id='word_1_62' title='bbox 1923 871 2118 926; x_wconf 85' lang='lat' dir='ltr'>positivo</span> 
     </span>
     <span class='ocr_line' id='line_1_8' title="bbox 405 951 2119 1006; baseline 0 -10"><span class='ocrx_word' id='word_1_63' title='bbox 405 954 534 997; x_wconf 90' lang='lat' dir='ltr'>semel</span> <span class='ocrx_word' id='word_1_64' title='bbox 577 953 892 1006; x_wconf 82' lang='lat' dir='ltr'>Aristophanes</span> <span class='ocrx_word' id='word_1_65' title='bbox 939 952 1083 1006; x_wconf 87' lang='lat' dir='ltr'>(Vesp.</span> <span class='ocrx_word' id='word_1_66' title='bbox 1132 953 1243 1005; x_wconf 80' lang='grc'>618),</span> <span class='ocrx_word' id='word_1_67' title='bbox 1291 951 1585 1005; x_wconf 88' lang='lat' dir='ltr'>comparativo</span> <span class='ocrx_word' id='word_1_68' title='bbox 1630 955 1761 1005; x_wconf 90' lang='lat' dir='ltr'>poeta</span> <span class='ocrx_word' id='word_1_69' title='bbox 1791 952 1966 1006; x_wconf 87' lang='lat' dir='ltr'>ignotus</span> <span class='ocrx_word' id='word_1_70' title='bbox 1997 953 2119 1006; x_wconf 79' lang='lat' dir='ltr'>apud.</span> 
     </span>
     <span class='ocr_line' id='line_1_9' title="bbox 409 1031 1399 1086; baseline -0.002 -10"><span class='ocrx_word' id='word_1_71' title='bbox 409 1033 747 1076; x_wconf 85' lang='lat' dir='ltr'>Choeroboscum</span> <span class='ocrx_word' id='word_1_72' title='bbox 778 1032 898 1086; x_wconf 90' lang='lat' dir='ltr'>(Can.</span> <span class='ocrx_word' id='word_1_73' title='bbox 930 1032 975 1074; x_wconf 93' lang='lat' dir='ltr'>II</span> <span class='ocrx_word' id='word_1_74' title='bbox 1007 1033 1160 1086; x_wconf 81' lang='lat'>210,³5)</span> <span class='ocrx_word' id='word_1_75' title='bbox 1190 1031 1258 1075; x_wconf 89' lang='lat' dir='ltr'>usi</span> <span class='ocrx_word' id='word_1_76' title='bbox 1287 1035 1399 1075; x_wconf 91' lang='lat' dir='ltr'>sunt.</span> 
     </span>
    </p>
   </div>
   <div class='ocr_carea' id='block_1_3' title="bbox 406 1178 1865 1321">
    <p class='ocr_par' dir='ltr' id='par_1_3' title="bbox 406 1178 1865 1321">
     <span class='ocr_line' id='line_1_10' title="bbox 406 1178 1645 1239; baseline 0 -17"><span class='ocrx_word' id='word_1_77' title='bbox 406 1179 655 1236; x_wconf 76' lang='grc' dir='ltr'><strong><em>σύλησις</em></strong></span> <span class='ocrx_word' id='word_1_78' title='bbox 683 1178 989 1239; x_wconf 89' lang='lat' dir='ltr'>spoliatio.</span> <span class='ocrx_word' id='word_1_79' title='bbox 1641 1235 1645 1239; x_wconf 69' lang='lat'><em>,</em></span> 
     </span>
     <span class='ocr_line' id='line_1_11' title="bbox 541 1256 1865 1321; baseline -0.002 -19"><span class='ocrx_word' id='word_1_80' title='bbox 541 1260 659 1304; x_wconf 82' lang='lat' dir='ltr'>Ichn.</span> <span class='ocrx_word' id='word_1_81' title='bbox 694 1262 745 1302; x_wconf 84' lang='lat'>75</span> <span class='ocrx_word' id='word_1_82' title='bbox 778 1260 869 1315; x_wconf 87' lang='lat' dir='ltr'>(III</span> <span class='ocrx_word' id='word_1_83' title='bbox 900 1263 972 1314; x_wconf 83' lang='lat'>22)</span> <span class='ocrx_word' id='word_1_84' title='bbox 1003 1259 1128 1300; x_wconf 79' lang='grc' dir='ltr'><strong><em>λείαν</em></strong></span> <span class='ocrx_word' id='word_1_85' title='bbox 1160 1257 1303 1315; x_wconf 76' lang='grc' dir='ltr'><strong><em>ἄγραν</em></strong></span> <span class='ocrx_word' id='word_1_86' title='bbox 1334 1256 1556 1321; x_wconf 77' lang='grc' dir='ltr'>σύλη[σ]ιν</span> <span class='ocrx_word' id='word_1_87' title='bbox 1585 1259 1865 1313; x_wconf 75' lang='grc' dir='ltr'><strong><em>ἐκκυνηγέσαι</em></strong></span> 
     </span>
    </p>
   </div>
   <div class='ocr_carea' id='block_1_4' title="bbox 404 1361 2122 1657">
    <p class='ocr_par' dir='ltr' id='par_1_4' title="bbox 404 1361 2122 1657">
     <span class='ocr_line' id='line_1_12' title="bbox 540 1361 2122 1415; baseline -0.001 -9"><span class='ocrx_word' id='word_1_88' title='bbox 540 1362 830 1406; x_wconf 87' lang='lat' dir='ltr'>Veterrimum</span> <span class='ocrx_word' id='word_1_89' title='bbox 871 1363 954 1405; x_wconf 88' lang='lat' dir='ltr'>hoc</span> <span class='ocrx_word' id='word_1_90' title='bbox 997 1365 1066 1404; x_wconf 89' lang='lat' dir='ltr'>est</span> <span class='ocrx_word' id='word_1_91' title='bbox 1107 1362 1344 1415; x_wconf 86' lang='lat' dir='ltr'>exemplum</span> <span class='ocrx_word' id='word_1_92' title='bbox 1375 1362 1575 1405; x_wconf 82' lang='lat' dir='ltr'>vocabuli</span> <span class='ocrx_word' id='word_1_93' title='bbox 1606 1363 1833 1404; x_wconf 86' lang='lat' dir='ltr'>admodum</span> <span class='ocrx_word' id='word_1_94' title='bbox 1865 1361 1969 1414; x_wconf 84' lang='lat' dir='ltr'>rari,</span> <span class='ocrx_word' id='word_1_95' title='bbox 1999 1362 2122 1414; x_wconf 54' lang='lat' dir='ltr'>quod&gt;</span> 
     </span>
     <span class='ocr_line' id='line_1_13' title="bbox 405 1441 2121 1495; baseline -0.001 -9"><span class='ocrx_word' id='word_1_96' title='bbox 405 1446 549 1487; x_wconf 86' lang='lat' dir='ltr'>aetate</span> <span class='ocrx_word' id='word_1_97' title='bbox 594 1443 744 1486; x_wconf 85' lang='lat' dir='ltr'>Attica</span> <span class='ocrx_word' id='word_1_98' title='bbox 788 1442 1070 1495; x_wconf 87' lang='lat' dir='ltr'>Romanaque</span> <span class='ocrx_word' id='word_1_99' title='bbox 1101 1443 1217 1495; x_wconf 89' lang='lat' dir='ltr'>apud</span> <span class='ocrx_word' id='word_1_100' title='bbox 1258 1441 1495 1495; x_wconf 85' lang='lat' dir='ltr'>scriptores</span> <span class='ocrx_word' id='word_1_101' title='bbox 1539 1441 1744 1484; x_wconf 88' lang='lat' dir='ltr'>orationis</span> <span class='ocrx_word' id='word_1_102' title='bbox 1774 1441 1955 1493; x_wconf 83' lang='lat' dir='ltr'>solutae,</span> <span class='ocrx_word' id='word_1_103' title='bbox 1994 1441 2121 1485; x_wconf 65' lang='lat' dir='ltr'>velent·</span> 
     </span>
     <span class='ocr_line' id='line_1_14' title="bbox 406 1519 2119 1577; baseline -0.001 -12"><span class='ocrx_word' id='word_1_104' title='bbox 406 1524 517 1576; x_wconf 89' lang='lat' dir='ltr'>apud</span> <span class='ocrx_word' id='word_1_105' title='bbox 549 1523 775 1565; x_wconf 74' lang='lat' dir='ltr'>Platonem</span> <span class='ocrx_word' id='word_1_106' title='bbox 808 1523 958 1577; x_wconf 85' lang='lat' dir='ltr'>(Legg.</span> <span class='ocrx_word' id='word_1_107' title='bbox 977 1522 1040 1564; x_wconf 93' lang='lat' dir='ltr'>IX</span> <span class='ocrx_word' id='word_1_108' title='bbox 1059 1524 1140 1564; x_wconf 84' lang='lat'>853</span> <span class='ocrx_word' id='word_1_109' title='bbox 1162 1522 1231 1575; x_wconf 90' lang='lat' dir='ltr'>D),</span> <span class='ocrx_word' id='word_1_110' title='bbox 1264 1521 1496 1564; x_wconf 89' lang='lat' dir='ltr'>Diodorum</span> <span class='ocrx_word' id='word_1_111' title='bbox 1530 1521 1716 1563; x_wconf 85' lang='lat' dir='ltr'>Siculum</span> <span class='ocrx_word' id='word_1_112' title='bbox 1747 1520 1831 1575; x_wconf 91' lang='lat' dir='ltr'>(XI</span> <span class='ocrx_word' id='word_1_113' title='bbox 1855 1522 1970 1574; x_wconf 81' lang='lat'>14,3)‚</span> <span class='ocrx_word' id='word_1_114' title='bbox 1994 1519 2119 1563; x_wconf 74' lang='lat' dir='ltr'>Stra-</span> 
     </span>
     <span class='ocr_line' id='line_1_15' title="bbox 404 1593 1625 1657; baseline -0.003 -12"><span class='ocrx_word' id='word_1_115' title='bbox 404 1604 558 1646; x_wconf 87' lang='lat' dir='ltr'>bonem</span> <span class='ocrx_word' id='word_1_116' title='bbox 590 1602 675 1657; x_wconf 90' lang='lat' dir='ltr'>(IX</span> <span class='ocrx_word' id='word_1_117' title='bbox 707 1604 781 1656; x_wconf 76' lang='lat' dir='ltr'>3‚a)</span> <span class='ocrx_word' id='word_1_118' title='bbox 812 1602 882 1644; x_wconf 87' lang='lat' dir='ltr'>hic</span> <span class='ocrx_word' id='word_1_119' title='bbox 909 1600 1001 1644; x_wconf 87' lang='lat' dir='ltr'>illic</span> <span class='ocrx_word' id='word_1_120' title='bbox 1032 1601 1231 1644; x_wconf 87' lang='lat' dir='ltr'>occurrit.</span> <span class='ocrx_word' id='word_1_121' title='bbox 1623 1593 1625 1596; x_wconf 67' lang='grc'><strong>’</strong></span> 
     </span>
    </p>
   </div>
   <div class='ocr_carea' id='block_1_5' title="bbox 406 1737 2008 1873">
    <p class='ocr_par' dir='ltr' id='par_1_5' title="bbox 406 1737 2008 1873">
     <span class='ocr_line' id='line_1_16' title="bbox 406 1737 1286 1794; baseline 0 -14"><span class='ocrx_word' id='word_1_122' title='bbox 406 1737 891 1794; x_wconf 78' lang='grc' dir='ltr'><strong><em>συμποδηγετεῖν</em></strong></span> <span class='ocrx_word' id='word_1_123' title='bbox 921 1750 1029 1781; x_wconf 90' lang='lat' dir='ltr'>una</span> <span class='ocrx_word' id='word_1_124' title='bbox 1060 1740 1286 1780; x_wconf 89' lang='lat' dir='ltr'>ducere.</span> 
     </span>
     <span class='ocr_line' id='line_1_17' title="bbox 540 1810 2008 1873; baseline -0.005 -11"><span class='ocrx_word' id='word_1_125' title='bbox 540 1820 661 1862; x_wconf 84' lang='lat' dir='ltr'>Ichn.</span> <span class='ocrx_word' id='word_1_126' title='bbox 697 1821 775 1861; x_wconf 88' lang='lat'>163</span> <span class='ocrx_word' id='word_1_127' title='bbox 808 1818 910 1873; x_wconf 90' lang='lat' dir='ltr'><strong>(VII</strong></span> <span class='ocrx_word' id='word_1_128' title='bbox 941 1819 983 1872; x_wconf 82' lang='lat'>5)</span> <span class='ocrx_word' id='word_1_129' title='bbox 1013 1817 1171 1873; x_wconf 78' lang='grc' dir='ltr'><em>πάτερ,</em></span> <span class='ocrx_word' id='word_1_130' title='bbox 1203 1816 1362 1872; x_wconf 75' lang='grc' dir='ltr'><strong><em>παρών</em></strong></span> <span class='ocrx_word' id='word_1_131' title='bbox 1393 1814 1534 1864; x_wconf 65' lang='grc' dir='ltr'><strong><em>αὐτός</em></strong></span> <span class='ocrx_word' id='word_1_132' title='bbox 1563 1832 1617 1869; x_wconf 85' lang='grc' dir='ltr'>με</span> <span class='ocrx_word' id='word_1_133' title='bbox 1650 1810 2008 1873; x_wconf 53' lang='grc' dir='ltr'><strong><em>συμποδηγέτεῂ,</em></strong></span> 
     </span>
    </p>
   </div>
   <div class='ocr_carea' id='block_1_6' title="bbox 402 1901 2119 2456">
    <p class='ocr_par' dir='ltr' id='par_1_6' title="bbox 402 1901 2119 2456">
     <span class='ocr_line' id='line_1_18' title="bbox 542 1901 2119 1977; baseline 0.001 -15"><span class='ocrx_word' id='word_1_134' title='bbox 542 1920 667 1970; x_wconf 78' lang='grc' dir='ltr'><em>ἅπαξ</em></span> <span class='ocrx_word' id='word_1_135' title='bbox 697 1923 942 1977; x_wconf 80' lang='grc' dir='ltr'><em>εἰρημένον.</em></span> <span class='ocrx_word' id='word_1_136' title='bbox 986 1921 1179 1963; x_wconf 80' lang='lat' dir='ltr'>Eandem</span> <span class='ocrx_word' id='word_1_137' title='bbox 1209 1920 1299 1963; x_wconf 75' lang='lat' dir='ltr'>fere</span> <span class='ocrx_word' id='word_1_138' title='bbox 1319 1919 1407 1964; x_wconf 86' lang='lat' dir='ltr'>vim</span> <span class='ocrx_word' id='word_1_139' title='bbox 1429 1916 1479 1962; x_wconf 75' lang='lat' dir='ltr'>ac</span> <span class='ocrx_word' id='word_1_140' title='bbox 1501 1918 1800 1973; x_wconf 75' lang='grc' dir='ltr'><strong><em>συμποδηγεΐν</em></strong></span> <span class='ocrx_word' id='word_1_141' title='bbox 1823 1901 1968 1971; x_wconf 66' lang='lat' dir='ltr'>habet,</span> <span class='ocrx_word' id='word_1_142' title='bbox 1991 1918 2119 1963; x_wconf 69' lang='lat' dir='ltr'>cuius</span> 
     </span>
     <span class='ocr_line' id='line_1_19' title="bbox 403 1997 2117 2055; baseline -0.001 -10"><span class='ocrx_word' id='word_1_143' title='bbox 403 2003 530 2045; x_wconf 88' lang='lat' dir='ltr'>unica</span> <span class='ocrx_word' id='word_1_144' title='bbox 571 2003 696 2045; x_wconf 89' lang='lat' dir='ltr'>Plato</span> <span class='ocrx_word' id='word_1_145' title='bbox 739 2002 886 2055; x_wconf 84' lang='lat' dir='ltr'>(Polit.</span> <span class='ocrx_word' id='word_1_146' title='bbox 918 2005 1000 2043; x_wconf 86' lang='lat'>269</span> <span class='ocrx_word' id='word_1_147' title='bbox 1045 2001 1089 2052; x_wconf 78' lang='lat' dir='ltr'>C,</span> <span class='ocrx_word' id='word_1_148' title='bbox 1122 2004 1205 2043; x_wconf 84' lang='grc'>270</span> <span class='ocrx_word' id='word_1_149' title='bbox 1234 2001 1290 2053; x_wconf 91' lang='grc' dir='ltr'>Α)</span> <span class='ocrx_word' id='word_1_150' title='bbox 1321 2001 1500 2053; x_wconf 84' lang='lat' dir='ltr'>praebet</span> <span class='ocrx_word' id='word_1_151' title='bbox 1529 1999 1734 2052; x_wconf 85' lang='lat' dir='ltr'>exempla.</span> <span class='ocrx_word' id='word_1_152' title='bbox 1794 1999 1984 2042; x_wconf 89' lang='lat' dir='ltr'>Verbum</span> <span class='ocrx_word' id='word_1_153' title='bbox 2014 1997 2117 2043; x_wconf 54' lang='lat' dir='ltr'>sim*</span> 
     </span>
     <span class='ocr_line' id='line_1_20' title="bbox 402 2077 2119 2136; baseline -0.002 -11"><span class='ocrx_word' id='word_1_154' title='bbox 402 2083 503 2136; x_wconf 86' lang='lat' dir='ltr'>plex</span> <span class='ocrx_word' id='word_1_155' title='bbox 546 2080 808 2136; x_wconf 76' lang='grc' dir='ltr'><strong><em>ποδηγετεῑν</em></strong></span> <span class='ocrx_word' id='word_1_156' title='bbox 849 2081 1032 2135; x_wconf 89' lang='lat' dir='ltr'>primum</span> <span class='ocrx_word' id='word_1_157' title='bbox 1077 2082 1189 2134; x_wconf 88' lang='lat' dir='ltr'>apud</span> <span class='ocrx_word' id='word_1_158' title='bbox 1235 2079 1525 2122; x_wconf 86' lang='lat' dir='ltr'>Democritum</span> <span class='ocrx_word' id='word_1_159' title='bbox 1549 2079 1618 2133; x_wconf 79' lang='lat' dir='ltr'>(fr.</span> <span class='ocrx_word' id='word_1_160' title='bbox 1652 2081 1732 2121; x_wconf 87' lang='lat'>173</span> <span class='ocrx_word' id='word_1_161' title='bbox 1762 2077 1915 2132; x_wconf 85' lang='lat' dir='ltr'>Diels),</span> <span class='ocrx_word' id='word_1_162' title='bbox 1957 2077 2119 2123; x_wconf 67' lang='lat' dir='ltr'>deindo</span> 
     </span>
     <span class='ocr_line' id='line_1_21' title="bbox 405 2157 2115 2215; baseline -0.004 -10"><span class='ocrx_word' id='word_1_163' title='bbox 405 2176 489 2205; x_wconf 90' lang='lat' dir='ltr'>non</span> <span class='ocrx_word' id='word_1_164' title='bbox 534 2162 617 2205; x_wconf 89' lang='lat' dir='ltr'>nisi</span> <span class='ocrx_word' id='word_1_165' title='bbox 662 2163 776 2215; x_wconf 88' lang='lat' dir='ltr'>apud</span> <span class='ocrx_word' id='word_1_166' title='bbox 808 2161 1040 2214; x_wconf 84' lang='lat' dir='ltr'>scriptores</span> <span class='ocrx_word' id='word_1_167' title='bbox 1091 2160 1248 2202; x_wconf 85' lang='lat' dir='ltr'>aetatis</span> <span class='ocrx_word' id='word_1_168' title='bbox 1292 2160 1524 2210; x_wconf 83' lang='lat' dir='ltr'>Romanae,</span> <span class='ocrx_word' id='word_1_169' title='bbox 1571 2159 1691 2202; x_wconf 83' lang='lat' dir='ltr'>velut</span> <span class='ocrx_word' id='word_1_170' title='bbox 1712 2159 1832 2212; x_wconf 71' lang='lat' dir='ltr'>,apud</span> <span class='ocrx_word' id='word_1_171' title='bbox 1868 2157 2115 2212; x_wconf 88' lang='lat' dir='ltr'>Oppianum</span> 
     </span>
     <span class='ocr_line' id='line_1_22' title="bbox 403 2236 2115 2297; baseline -0.004 -11"><span class='ocrx_word' id='word_1_172' title='bbox 403 2243 524 2297; x_wconf 86' lang='lat' dir='ltr'>(Cyn.</span> <span class='ocrx_word' id='word_1_173' title='bbox 566 2243 696 2296; x_wconf 76' lang='lat' dir='ltr'>4‚3so)‚</span> <span class='ocrx_word' id='word_1_174' title='bbox 740 2242 1064 2295; x_wconf 87' lang='lat' dir='ltr'>Lycophronem</span> <span class='ocrx_word' id='word_1_175' title='bbox 1108 2241 1208 2295; x_wconf 81' lang='lat'>(12),</span> <span class='ocrx_word' id='word_1_176' title='bbox 1241 2239 1463 2282; x_wconf 86' lang='lat' dir='ltr'>Philonem</span> <span class='ocrx_word' id='word_1_177' title='bbox 1496 2238 1694 2282; x_wconf 84' lang='lat' dir='ltr'>occurrit.</span> <span class='ocrx_word' id='word_1_178' title='bbox 1727 2236 1966 2293; x_wconf 75' lang='grc' dir='ltr'><strong><em>ποδηγέτης</em></strong></span> <span class='ocrx_word' id='word_1_179' title='bbox 1997 2237 2115 2291; x_wconf 82' lang='lat' dir='ltr'>apud</span> 
     </span>
     <span class='ocr_line' id='line_1_23' title="bbox 403 2305 2118 2376; baseline -0.003 -11"><span class='ocrx_word' id='word_1_180' title='bbox 403 2322 641 2376; x_wconf 81' lang='lat' dir='ltr'>scriptores</span> <span class='ocrx_word' id='word_1_181' title='bbox 687 2305 845 2364; x_wconf 86' lang='lat' dir='ltr'>aetatis</span> <span class='ocrx_word' id='word_1_182' title='bbox 887 2321 1106 2363; x_wconf 82' lang='lat' dir='ltr'>Romanae</span> <span class='ocrx_word' id='word_1_183' title='bbox 1152 2323 1344 2373; x_wconf 85' lang='lat' dir='ltr'>apparet,</span> <span class='ocrx_word' id='word_1_184' title='bbox 1391 2317 1601 2374; x_wconf 80' lang='grc' dir='ltr'><em>ποδηγεῖν</em></span> <span class='ocrx_word' id='word_1_185' title='bbox 1644 2318 1728 2360; x_wconf 86' lang='lat' dir='ltr'>iam</span> <span class='ocrx_word' id='word_1_186' title='bbox 1774 2320 1919 2360; x_wconf 88' lang='lat' dir='ltr'>aetate</span> <span class='ocrx_word' id='word_1_187' title='bbox 1961 2316 2118 2360; x_wconf 86' lang='lat' dir='ltr'>Attica.</span> 
     </span>
     <span class='ocr_line' id='line_1_24' title="bbox 406 2400 1245 2456; baseline -0.004 -12"><span class='ocrx_word' id='word_1_188' title='bbox 406 2403 518 2456; x_wconf 87' lang='lat' dir='ltr'>apud</span> <span class='ocrx_word' id='word_1_189' title='bbox 547 2402 771 2444; x_wconf 89' lang='lat' dir='ltr'>Platonem</span> <span class='ocrx_word' id='word_1_190' title='bbox 803 2402 954 2455; x_wconf 82' lang='lat' dir='ltr'>(Legg.</span> <span class='ocrx_word' id='word_1_191' title='bbox 985 2400 1029 2441; x_wconf 92' lang='lat' dir='ltr'>X</span> <span class='ocrx_word' id='word_1_192' title='bbox 1058 2403 1140 2442; x_wconf 88' lang='grc'>899</span> <span class='ocrx_word' id='word_1_193' title='bbox 1172 2400 1245 2452; x_wconf 76' lang='grc' dir='ltr'>Α).</span> 
     </span>
    </p>
   </div>
   <div class='ocr_carea' id='block_1_7' title="bbox 406 2538 1019 2591">
    <p class='ocr_par' dir='ltr' id='par_1_7' title="bbox 406 2538 1019 2591">
     <span class='ocr_line' id='line_1_25' title="bbox 406 2538 1019 2591; baseline -0.002 -11"><span class='ocrx_word' id='word_1_194' title='bbox 406 2538 644 2591; x_wconf 81' lang='grc' dir='ltr'><strong><em>συνάμα</em></strong></span> <span class='ocrx_word' id='word_1_195' title='bbox 685 2538 868 2590; x_wconf 86' lang='lat' dir='ltr'>simul,</span> <span class='ocrx_word' id='word_1_196' title='bbox 900 2549 1019 2580; x_wconf 91' lang='lat' dir='ltr'>una.</span> 
     </span>
    </p>
   </div>
   <div class='ocr_carea' id='block_1_8' title="bbox 540 2603 2230 2672">
    <p class='ocr_par' dir='ltr' id='par_1_8' title="bbox 540 2603 2230 2672">
     <span class='ocr_line' id='line_1_26' title="bbox 540 2603 2230 2672; baseline -0.005 -12"><span class='ocrx_word' id='word_1_197' title='bbox 540 2618 658 2661; x_wconf 83' lang='lat' dir='ltr'>Ichn.</span> <span class='ocrx_word' id='word_1_198' title='bbox 705 2622 870 2660; x_wconf 84' lang='lat'>70—71</span> <span class='ocrx_word' id='word_1_199' title='bbox 915 2617 998 2672; x_wconf 80' lang='lat' dir='ltr'><strong>(III</strong></span> <span class='ocrx_word' id='word_1_200' title='bbox 1045 2621 1228 2665; x_wconf 79' lang='lat'>17—18)</span> <span class='ocrx_word' id='word_1_201' title='bbox 1271 2614 1451 2667; x_wconf 81' lang='grc' dir='ltr'><strong><em>συνοὶμα</em></strong></span> <span class='ocrx_word' id='word_1_202' title='bbox 1494 2603 1598 2662; x_wconf 58' lang='lat' dir='ltr'>&amp;sog</span> <span class='ocrx_word' id='word_1_203' title='bbox 1627 2613 1649 2654; x_wconf 80' lang='grc' dir='ltr'><em>ὁ</em></span> <span class='ocrx_word' id='word_1_204' title='bbox 1685 2612 1814 2669; x_wconf 78' lang='grc' dir='ltr'><strong><em>φίλος</em></strong></span> <span class='ocrx_word' id='word_1_205' title='bbox 1843 2611 2117 2667; x_wconf 62' lang='grc' dir='ltr'>οἷνέῐωιπό·</span> <span class='ocrx_word' id='word_1_206' title='bbox 2228 2627 2230 2630; x_wconf 56' lang='lat'><em>⁴</em></span> 
     </span>
    </p>
   </div>
   <div class='ocr_carea' id='block_1_9' title="bbox 544 2712 647 2746">
    <p class='ocr_par' dir='ltr' id='par_1_9' title="bbox 544 2712 647 2746">
     <span class='ocr_line' id='line_1_27' title="bbox 544 2712 647 2746; baseline -0.01 -7"><span class='ocrx_word' id='word_1_207' title='bbox 544 2712 647 2746; x_wconf 89' lang='grc' dir='ltr'><strong><em>νους</em></strong></span> 
     </span>
    </p>
   </div>
   <div class='ocr_carea' id='block_1_10' title="bbox 402 2796 2115 3251">
    <p class='ocr_par' dir='ltr' id='par_1_10' title="bbox 402 2796 2115 3251">
     <span class='ocr_line' id='line_1_28' title="bbox 545 2796 2114 2853; baseline -0.002 -10"><span class='ocrx_word' id='word_1_208' title='bbox 545 2800 764 2853; x_wconf 87' lang='lat' dir='ltr'>Versibus,</span> <span class='ocrx_word' id='word_1_209' title='bbox 798 2799 869 2852; x_wconf 93' lang='lat' dir='ltr'>qui</span> <span class='ocrx_word' id='word_1_210' title='bbox 898 2800 1175 2853; x_wconf 83' lang='lat' dir='ltr'>praecedunt,</span> <span class='ocrx_word' id='word_1_211' title='bbox 1208 2798 1318 2840; x_wconf 86' lang='lat' dir='ltr'>male</span> <span class='ocrx_word' id='word_1_212' title='bbox 1349 2797 1501 2840; x_wconf 90' lang='lat' dir='ltr'>deletis</span> <span class='ocrx_word' id='word_1_213' title='bbox 1531 2810 1617 2839; x_wconf 90' lang='lat' dir='ltr'>non</span> <span class='ocrx_word' id='word_1_214' title='bbox 1647 2796 1775 2849; x_wconf 89' lang='lat' dir='ltr'>plane</span> <span class='ocrx_word' id='word_1_215' title='bbox 1796 2799 1990 2849; x_wconf 86' lang='lat' dir='ltr'>apparet,</span> <span class='ocrx_word' id='word_1_216' title='bbox 2010 2806 2114 2840; x_wconf 84' lang='lat' dir='ltr'>num</span> 
     </span>
     <span class='ocr_line' id='line_1_29' title="bbox 405 2874 2097 2934; baseline -0.005 -10"><span class='ocrx_word' id='word_1_217' title='bbox 405 2894 452 2924; x_wconf 88' lang='lat' dir='ltr'>re</span> <span class='ocrx_word' id='word_1_218' title='bbox 483 2893 586 2924; x_wconf 88' lang='lat' dir='ltr'>vera</span> <span class='ocrx_word' id='word_1_219' title='bbox 616 2881 848 2934; x_wconf 87' lang='lat' dir='ltr'>Sophocles</span> <span class='ocrx_word' id='word_1_220' title='bbox 878 2881 960 2922; x_wconf 91' lang='lat' dir='ltr'>hoc</span> <span class='ocrx_word' id='word_1_221' title='bbox 990 2880 1081 2922; x_wconf 93' lang='lat' dir='ltr'>loco</span> <span class='ocrx_word' id='word_1_222' title='bbox 1115 2878 1322 2921; x_wconf 88' lang='lat' dir='ltr'>vocabulo</span> <span class='ocrx_word' id='word_1_223' title='bbox 1356 2876 1535 2928; x_wconf 66' lang='grc' dir='ltr'><strong><em>συνάμα</em></strong></span> <span class='ocrx_word' id='word_1_224' title='bbox 1567 2889 1668 2919; x_wconf 91' lang='lat' dir='ltr'>usus</span> <span class='ocrx_word' id='word_1_225' title='bbox 1699 2875 1769 2926; x_wconf 89' lang='lat' dir='ltr'>sit,</span> <span class='ocrx_word' id='word_1_226' title='bbox 1800 2874 1883 2918; x_wconf 88' lang='lat' dir='ltr'>etsi</span> <span class='ocrx_word' id='word_1_227' title='bbox 1902 2874 2010 2917; x_wconf 91' lang='lat' dir='ltr'>nihil</span> <span class='ocrx_word' id='word_1_228' title='bbox 2029 2877 2097 2916; x_wconf 89' lang='lat' dir='ltr'>est</span> 
     </span>
     <span class='ocr_line' id='line_1_30' title="bbox 406 2954 2110 3014; baseline -0.005 -11"><span class='ocrx_word' id='word_1_229' title='bbox 406 2962 518 3014; x_wconf 85' lang='lat' dir='ltr'>quod</span> <span class='ocrx_word' id='word_1_230' title='bbox 562 2961 718 3002; x_wconf 86' lang='lat' dir='ltr'>obstet.</span> <span class='ocrx_word' id='word_1_231' title='bbox 781 2960 825 3002; x_wconf 85' lang='lat' dir='ltr'>Si</span> <span class='ocrx_word' id='word_1_232' title='bbox 869 2963 1009 3002; x_wconf 89' lang='lat' dir='ltr'>autem</span> <span class='ocrx_word' id='word_1_233' title='bbox 1053 2958 1117 3000; x_wconf 90' lang='lat' dir='ltr'>ita</span> <span class='ocrx_word' id='word_1_234' title='bbox 1148 2961 1227 3010; x_wconf 81' lang='lat' dir='ltr'>est,</span> <span class='ocrx_word' id='word_1_235' title='bbox 1260 2956 1532 3000; x_wconf 87' lang='lat' dir='ltr'>veterrimum</span> <span class='ocrx_word' id='word_1_236' title='bbox 1563 2956 1645 2998; x_wconf 90' lang='lat' dir='ltr'>hoc</span> <span class='ocrx_word' id='word_1_237' title='bbox 1675 2959 1743 2997; x_wconf 88' lang='lat' dir='ltr'>est</span> <span class='ocrx_word' id='word_1_238' title='bbox 1773 2954 2009 3007; x_wconf 85' lang='lat' dir='ltr'>exemplum</span> <span class='ocrx_word' id='word_1_239' title='bbox 2038 2965 2110 2996; x_wconf 87' lang='lat' dir='ltr'>vo-</span> 
     </span>
     <span class='ocr_line' id='line_1_31' title="bbox 405 3031 2115 3094; baseline -0.005 -12"><span class='ocrx_word' id='word_1_240' title='bbox 405 3040 558 3094; x_wconf 87' lang='lat' dir='ltr'>cabuli,</span> <span class='ocrx_word' id='word_1_241' title='bbox 592 3040 711 3082; x_wconf 91' lang='lat' dir='ltr'>cuius</span> <span class='ocrx_word' id='word_1_242' title='bbox 743 3039 936 3092; x_wconf 84' lang='lat' dir='ltr'>exempla</span> <span class='ocrx_word' id='word_1_243' title='bbox 966 3038 1010 3080; x_wconf 90' lang='lat' dir='ltr'>ni</span> <span class='ocrx_word' id='word_1_244' title='bbox 1042 3038 1168 3080; x_wconf 79' lang='lat' dir='ltr'>fallor</span> <span class='ocrx_word' id='word_1_245' title='bbox 1199 3037 1340 3080; x_wconf 91' lang='lat' dir='ltr'>omnia</span> <span class='ocrx_word' id='word_1_246' title='bbox 1369 3036 1586 3088; x_wconf 89' lang='lat' dir='ltr'>hucusque</span> <span class='ocrx_word' id='word_1_247' title='bbox 1618 3032 1794 3090; x_wconf 83' lang='lat' dir='ltr'>cognita&#39;</span> <span class='ocrx_word' id='word_1_248' title='bbox 1821 3034 1935 3087; x_wconf 88' lang='lat' dir='ltr'>apud</span> <span class='ocrx_word' id='word_1_249' title='bbox 1977 3031 2115 3085; x_wconf 82' lang='lat' dir='ltr'>scrip·</span> 
     </span>
     <span class='ocr_line' id='line_1_32' title="bbox 403 3113 2110 3168; baseline -0.003 -6"><span class='ocrx_word' id='word_1_250' title='bbox 403 3125 522 3162; x_wconf 88' lang='lat' dir='ltr'>tores</span> <span class='ocrx_word' id='word_1_251' title='bbox 550 3119 724 3161; x_wconf 77' lang='lat' dir='ltr'>‘aetatis</span> <span class='ocrx_word' id='word_1_252' title='bbox 769 3118 1074 3161; x_wconf 89' lang='lat' dir='ltr'>Hellenisticae</span> <span class='ocrx_word' id='word_1_253' title='bbox 1120 3121 1165 3159; x_wconf 90' lang='lat' dir='ltr'>et</span> <span class='ocrx_word' id='word_1_254' title='bbox 1206 3117 1424 3159; x_wconf 83' lang='lat' dir='ltr'>Romanae</span> <span class='ocrx_word' id='word_1_255' title='bbox 1451 3114 1817 3168; x_wconf 86' lang='lat' dir='ltr'>Byzantinaeque‚</span> <span class='ocrx_word' id='word_1_256' title='bbox 1848 3113 1967 3156; x_wconf 79' lang='lat' dir='ltr'>velut</span> <span class='ocrx_word' id='word_1_257' title='bbox 1997 3113 2110 3165; x_wconf 80' lang='lat' dir='ltr'>apud</span> 
     </span>
     <span class='ocr_line' id='line_1_33' title="bbox 402 3191 2114 3251; baseline -0.005 -10"><span class='ocrx_word' id='word_1_258' title='bbox 402 3199 675 3241; x_wconf 80' lang='lat' dir='ltr'>Theocritum</span> <span class='ocrx_word' id='word_1_259' title='bbox 730 3198 901 3251; x_wconf 78' lang='lat'>(25‚126)‚</span> <span class='ocrx_word' id='word_1_260' title='bbox 933 3197 1219 3251; x_wconf 84' lang='lat' dir='ltr'>Damagetum</span> <span class='ocrx_word' id='word_1_261' title='bbox 1266 3195 1413 3248; x_wconf 86' lang='lat' dir='ltr'>(Anth.</span> <span class='ocrx_word' id='word_1_262' title='bbox 1459 3195 1550 3236; x_wconf 91' lang='lat' dir='ltr'>Pal.</span> <span class='ocrx_word' id='word_1_263' title='bbox 1596 3193 1681 3235; x_wconf 86' lang='lat' dir='ltr'>VII</span> <span class='ocrx_word' id='word_1_264' title='bbox 1717 3195 1806 3246; x_wconf 85' lang='lat'><strong>9‚2),</strong></span> <span class='ocrx_word' id='word_1_265' title='bbox 1856 3191 2114 3240; x_wconf 74' lang='lat' dir='ltr'>Lucianum,</span> 
     </span>
    </p>
   </div>
  </div>
 </body>
</html>
