2358 3782
403 330 425 365 2
1018 330 1506 366 L.O.T}1.'r11nmmn.
1939 333 2110 373 BXIV,4

403 474 560 517 tionem
604 487 744 527 posse,
790 487 999 527 quaenam
1031 475 1242 517 vocabula
1272 475 1367 517 usui
1397 475 1632 528 Sophocleo
1663 477 1803 519 adhue
1833 476 1973 519 aliena
2003 477 2110 520 haee

402 554 497 608 ipsa
526 554 747 597 contineat
775 553 921 597 tabula
951 553 1155 608 satyrica.

539 634 688 676 Indice
719 647 744 676 a
774 647 840 676 me
870 634 1068 677 confecto
1100 647 1182 676 non
1215 634 1349 676 solum
1381 646 1433 676 ea
1464 634 1737 677 continentur
1756 636 1976 688 vocabula,
2001 649 2111 689 quae

405 714 447 756 in
479 726 646 767 papyro
680 713 993 767 Oxyrhynchia
1023 713 1196 766 integra
1226 717 1413 765 exstant,
1446 715 1520 756 sed
1552 713 1682 756 etiam
1712 726 1776 767 ea,
1799 727 1909 767 quae
1930 719 1975 758 et
1993 715 2110 758 litte-

402 806 545 835 rarum
587 792 782 845 reliquiis
825 797 870 836 et
907 793 1123 835 sententia
1164 793 1394 846 perspicua
1432 793 1515 836 nisi
1556 793 1642 836 viri
1685 793 1801 836 docti
1831 794 2113 848 probabiliter

404 873 702 915 restituerunt.
763 873 920 915 Verum
953 872 988 915 si
1015 885 1123 925 quae
1166 885 1309 915 merae
1341 876 1486 915 essent
1528 860 1812 927 coniecturae,
1845 873 1996 927 quibus
2029 873 2112 917 viri

404 952 520 995 docti
550 952 727 995 lacunas
757 952 912 1006 papyri
943 951 1126 994 maiores
1157 952 1330 1005 explere
1362 953 1505 995 eonati
1534 956 1646 1006 sunt,
1680 953 1830 1008 magis,
1852 957 1901 996 ut
1924 954 2109 1005 videtur,

405 1035 454 1074 ut
496 1031 734 1083 exemplum
767 1044 901 1073 nexus
932 1031 1245 1074 sententiarum
1277 1031 1399 1074 nobis
1431 1033 1701 1086 praeberent,
1735 1045 1858 1085 quam
1891 1035 2005 1086 quod
2036 1046 2112 1088 pu—

403 1114 548 1153 tarent
577 1123 623 1153 se
653 1110 750 1164 ipsa
779 1111 1003 1163 voeabula,
1038 1111 1192 1163 quibus
1223 1111 1453 1165 Sophocles
1484 1124 1585 1155 usus
1617 1116 1743 1163 esset,
1766 1124 2008 1165 revocasse,
2031 1114 2112 1157 has
2169 1109 2172 1112 ’

402 1204 483 1246 ego
514 1190 649 1234 omisi.

1105 1283 1129 1309 >k
1389 1283 1413 1309 >k

1247 1311 1271 1337 >iz

539 1441 662 1483 Inter
703 1442 916 1484 voeabula
951 1441 996 1483 in
1026 1441 1246 1484 Ichneutis
1272 1441 1449 1485 inventa
1479 1454 1531 1484 ea
1560 1442 1734 1485 maximi
1764 1446 1866 1485 sunt
1895 1444 2112 1496 momenti,

407 1533 516 1573 quae
567 1518 690 1568 ἅπαξ
736 1523 943 1575 εἰρημένα
987 1521 1201 1573 dicuntur,
1246 1533 1355 1574 quae
1398 1521 1564 1574 quidem
1601 1522 1698 1574 ipsa
1729 1521 1980 1565 difficillima
2012 1529 2114 1566 sunt

403 1602 458 1642 ad
472 1600 785 1654 explicandum.
817 1600 1072 1643 Huiusmodi
1086 1601 1297 1643 voeabula
1310 1601 1552 1643 nominibus
1574 1614 1682 1654 quae
1703 1601 1907 1644 videntur
1925 1602 2115 1656 propriis

403 1680 597 1734 exeeptis
644 1680 689 1722 in
733 1680 954 1723 Ichneutis
997 1682 1052 1721 42
1099 1681 1284 1733 repperi,
1319 1693 1493 1732 quorum
1541 1680 1711 1733 quidem
1742 1686 1767 1723 8
1798 1682 1965 1724 ineerta
1995 1685 2110 1725 sunt.

402 1761 572 1802 Natura
612 1763 713 1802 sunt
741 1760 878 1812 varia,
912 1762 935 1800 6
968 1760 1244 1802 substantiva
1287 1761 1456 1814 (quibus
1502 1764 1526 1801 5
1558 1761 1728 1820 nomina
1773 1761 1951 1815 propria
1981 1763 2113 1804 adnu-

403 1841 609 1882 meranda
647 1843 761 1889 sunt,
805 1852 982 1891 quorum
1024 1842 1049 1879 2
1081 1839 1279 1893 ineerta),
1322 1842 1374 1881 18
1406 1839 1635 1887 adieetiva,
1667 1853 1846 1892 quorum
1877 1845 1902 1882 2
1931 1840 2113 1894 ineerta,

405 1922 455 1962 15
484 1919 630 1966 verba,
653 1919 768 1962 inter
790 1931 900 1971 quae
931 1922 958 1961 4
987 1918 1168 1971 ineerta,
1204 1924 1224 1960 1
1258 1919 1507 1962 adverbium
1538 1919 1763 1971 incertum,
1795 1924 1819 1961 2
1851 1919 2112 1964 interiectio·

404 2012 492 2042 nes.
510 2025 561 2029 —
585 1998 960 2041 Substantivorum
976 2011 1104 2047 unum
1124 1998 1330 2040 eiusmodi
1347 2002 1425 2052 est,
1448 2003 1497 2041 ut
1527 1999 1664 2052 primo
1698 2002 1933 2052 conspectu
1963 2012 1986 2042 e
2018 2000 2113 2043 sub-

404 2079 596 2121 stantivo
620 2078 931 2131 amplificatum
950 2079 1161 2130 videatur,
1178 2078 1576 2132 παραψυκτήριον,
1592 2080 1705 2131 quod
1727 2092 1774 2121 re
1805 2092 1911 2122 vera
1934 2092 1960 2122 a
1974 2079 2112 2123 verbo

406 2158 650 2201 derivatum
692 2162 770 2210 est,
815 2160 929 2200 haud
961 2158 1088 2200 aliter
1118 2163 1246 2211 atque
1278 2162 1483 2211 quattuor
1513 2159 1599 2200 alia
1629 2158 1854 2211 αἰόλισμα,
1886 2157 2111 2213 ἅλκασμα,

405 2238 636 2293 ῥοίβδημα,
669 2237 899 2293 κυκησμός.
960 2238 1300 2280 Incertissimum
1330 2237 1683 2293 *μαριλοκαύτης
1713 2243 1781 2281 est
1810 2231 2111 2293 compositum.

402 2318 629 2360 Nominum
647 2317 920 2371 propriorum
940 2331 1066 2360 unum
1090 2318 1288 2373 *Τρέχις,
1318 2318 1355 2360 si
1377 2318 1543 2370 quidem
1567 2322 1685 2360 reete
1707 2318 1953 2362 restitutum
1978 2327 2061 2368 est,
2086 2333 2112 2364 a

411 2399 542 2441 verbo
566 2401 633 2440 est
654 2398 912 2449 derivatum,
935 2399 1018 2440 duo
1042 2410 1067 2440 a
1089 2398 1373 2441 substantivis
1403 2398 1613 2451 *Κρεκίας
1633 2402 1677 2441 et
1700 2396 1876 2451 Οὐρίας.
1927 2399 2114 2442 Restant

406 2478 578 2528 Γροῖπις
608 2481 653 2520 et
682 2478 858 2529 Δράκις,
883 2489 992 2539 quae
1029 2490 1112 2529 quo
1137 2480 1259 2520 modo
1291 2478 1488 2537 derivata
1529 2478 1629 2526 sint,
1661 2479 1849 2520 nondum
1885 2483 2006 2520 certa
2046 2491 2113 2522 ra-

411 2557 530 2600 tione
548 2557 807 2610 explicatum
841 2561 918 2599 est.
950 2581 1008 2587 —-—
1037 2557 1230 2599 Plurima
1260 2556 1571 2600 adieetivorum
1603 2557 1840 2611 composita
1869 2563 1981 2610 sunt,
2014 2570 2114 2611 quo·
2153 2591 2156 2593 -

403 2649 495 2678 rum
530 2636 701 2688 quidem
723 2635 937 2678 nonnullis
953 2635 1145 2689 exceptis
1175 2648 1278 2688 pars
1307 2636 1522 2689 posterior
1552 2636 1808 2679 adiectivum
1839 2637 2014 2680 verbale
2044 2641 2117 2680 est

403 2716 472 2759 vel
487 2715 571 2757 alio
604 2716 726 2757 modo
757 2727 783 2756 a
813 2716 945 2757 verbo
978 2715 1189 2757 derivata.
1233 2715 1375 2757 Aliter
1404 2715 1591 2758 formata
1620 2716 1727 2758 haec
1756 2721 1868 2758 sunt:
1902 2716 2112 2771 άμολγάς,

404 2795 678 2849 ίθυντήριος,
712 2796 923 2848 νέβρινος,
957 2794 1386 2843 mntem—Verba
1415 2808 1526 2838 nune
1554 2797 1734 2849 primum
1771 2796 1950 2838 inventa
1971 2797 2117 2839 omnia.

403 2874 642 2928 composita
674 2877 775 2916 sunt
806 2887 888 2916 uno
924 2878 1105 2928 excepto
1132 2877 1425 2930 κυνηγέσσειν.
1485 2875 1581 2918 Hoc
1606 2876 1783 2918 verbum
1821 2875 1866 2918 in
1896 2879 2019 2918 textu
2047 2875 2112 2919 in-

404 2958 578 2997 ventum
623 2954 796 2995 maximi
828 2958 896 2996 est
937 2954 1152 3006 momenti,
1177 2954 1331 3008 quippe
1364 2956 1476 3007 quod
1516 2967 1627 2997 nune
1667 2954 1847 3008 primum
1878 2956 2115 2998 habeamus

405 3034 644 3086 exemplum
695 3033 819 3075 verbi
854 3046 880 3075 a
900 3034 1193 3088 grammaticis
1227 3035 1395 3086 quidem
1424 3034 1755 3086 commemorati,
1785 3036 1899 3087 apud
1931 3035 2111 3088 scripto-

402 3126 473 3156 res
507 3126 611 3156 vero
648 3113 764 3166 ipsos
808 3117 937 3155 antea
980 3126 1066 3156 non
1110 3114 1287 3166 reperti.
1344 3114 1451 3156 Eam
1483 3113 1617 3168 igitur
1657 3114 1957 3167 suspicionem,
2001 3125 2115 3167 quae

403 3193 663 3236 Lobeekium
697 3193 797 3235 olim
829 3194 975 3247 subiit,
1006 3207 1184 3246 prorsus
1213 3207 1296 3236 non
1318 3194 1537 3237 exstitisse
1563 3195 1645 3236 hoc
1679 3194 1866 3248 verbum,
1898 3206 2010 3236 nune
2041 3195 2114 3235 de·
