2358 3782
387 320 430 354 36
1009 319 1052 355 L.
1079 319 1219 355 O.Tn
1260 319 1496 355 TUDEER.
1930 321 2095 363 BXIV„

388 463 538 505 lectori
559 463 712 516 elucet,
745 463 914 506 etiamsi
946 453 993 505 i'd
1016 463 1189 506 maioris
1220 463 1423 506 momenti
1446 476 1529 507 non
1551 465 1682 507 ducat
1715 465 1941 507 admodum
1962 465 2096 508 incer-

387 546 477 585 tum
504 555 610 595 esse,
643 555 871 596 quamnam
916 543 1001 586 vim
1034 543 1289 586 vocabulum
1322 543 1534 595 ἐπίσιμον
1565 544 1647 586 hoc
1677 543 1769 587 loco
1799 544 1971 588 habeat.
2003 543 2095 585 ἐπί-

389 634 515 674 σιμος
545 622 657 665 enim
688 635 771 665 non
802 622 886 665 nisi
915 623 959 665 in
990 623 1252 676 syngraphis
1282 622 1539 690 papyraceis
1574 623 1763 666 occurrit
1799 623 2004 677 (Boeckh,
2025 625 2094 667 Kl.

388 702 510 744 Schr.
541 702 579 744 V
610 715 650 755 p.
683 705 797 756 209).

392 826 936 882 (ἐπισχολάζεσθαι
981 827 1209 869 morari.

522 906 641 948 Ichn.
674 909 905 948 275—276
941 906 1022 959 (XI
1046 907 1230 960 12—13)
1263 906 1568 962 κάξορμενίζει
1600 907 1777 948 κου’κέτι
1808 907 2094 964 σχολάζεταιι

527 985 711 1040 βλάστη·

526 1077 828 1120 Coniecturam
859 1077 1077 1130 Meinekii,
1111 1078 1183 1130 qui
1227 1077 1270 1120 in
1303 1079 1384 1121 hoc
1416 1091 1544 1121 versu
1573 1079 1881 1122 Ichneutarum
1911 1079 1996 1122 iam
2027 1081 2100 1123 du-

394 1159 491 1199 dum
535 1157 708 1210 cognito
752 1157 820 1211 (fr.
853 1161 938 1199 294
966 1158 1133 1212 Nauck)
1164 1171 1242 1211 pro
1274 1157 1617 1212 ἐπισχολοέζεται
1648 1159 1875 1213 legendum
1907 1172 2002 1203 esse
2032 1158 2100 1200 ἔτι

392 1236 653 1288 σχολάζεται
698 1237 900 1290 opinatus
942 1241 1020 1287 est,
1064 1250 1255 1292 papyrus
1287 1242 1437 1281 nostra
1468 1238 1626 1292 optime
1657 1239 1900 1292 confirmat3
1933 1248 2018 1293 qua
2047 1241 2101 1283 de

391 1328 523 1359 causa
566 1315 943 1371 ἐπισχολοὶζεσθαι
988 1317 1166 1359 verbum
1211 1317 1255 1359 ni
1298 1316 1427 1359 fallor
1471 1314 1595 1365 ἅπαξ
1637 1319 1868 1373 εἰρημένον
1908 1331 1931 1362 e
1961 1318 2100 1362 lexico

393 1395 631 1449 Sophocleo
664 1396 1022 1451 exstinguendum
1053 1402 1131 1440 est.
1162 1396 1274 1440 Vide
1306 1397 1744 1452 σχολάζεσθαι.)

391 1521 605 1577 ἔποχος
635 1526 851 1575 vector,
884 1524 1109 1578 (eques).

527 1603 646 1646 Ichn.
682 1607 757 1646 181
794 1602 898 1658 (VII
926 1605 998 1658 23)
1029 1602 1195 1658 ἔποχον
1224 1601 1312 1657 ἔχει
1339 1605 1432 1656 τι[.
1460 1638 1467 1646 .
1491 1636 1499 1643 .

526 1705 739 1759 Exempla
761 1705 994 1748 veterrima
1010 1705 1055 1748 in
1071 1718 1265 1749 sermone
1282 1706 1449 1761 tragico
1471 1706 1760 1759 inveniuntur,
1776 1708 1890 1760 apud
1910 1708 2103 1762 Aeschy-

396 1786 480 1827 lum
512 1786 648 1839 (Pers.
681 1788 749 1839 45,
765 1786 850 1840 54),
884 1787 999 1839 apud
1020 1785 1272 1839 Euripidem
1304 1786 1453 1839 (Hipp.
1485 1788 1588 1840 214)
1618 1790 1662 1829 et
1693 1786 1967 1830 nuncetiam
1990 1789 2102 1842 apud

394 1865 660 1919 Sophoclem.
720 1866 849 1919 Apud
890 1865 1125 1920 scriptores
1168 1865 1376 1909 orationis
1423 1866 1590 1909 solutae
1634 1866 1792 1909 aetatis
1840 1866 2015 1910 Atticae
2059 1870 2105 1910 et

395 1945 705 1989 Hellenisticae
760 1945 1079 1999 Romanaeque,
1127 1946 1245 1989 velut
1301 1948 1410 1999 apud
1468 1946 1813 1999 Xenophontem,
1863 1946 2102 2001 Polybium,

394 2026 686 2078 Plutarchum,
718 2025 943 2079 Synesium
974 2026 1224 2079 plerumque
1245 2026 1431 2078 equitem
1463 2025 1691 2081 significat.

395 2149 657 2205 ἐρείδειν
694 2152 949 2194 trudere.

530 2232 650 2274 Ichn.
670 2234 897 2274 273—274
914 2231 998 2284 (XI
1016 2232 1199 2284 10-11)
1217 2228 1361 2285 [οὔπω
1393 2230 1491 2284 γ]ἁρ
1523 2232 1652 2271 gum
1682 2227 1800 2284 ἦμαρ
1831 2230 2104 2285 ἐκπεφασμέ-

532 2313 858 2366 ν[ο]ς1[γυιόι]ς
888 2310 1043 2367 ἐρείδει
1075 2310 1239 2359 παιδός
1270 2312 1330 2359 εἰς
1360 2308 1463 2365 ἥβης
1494 2308 1655 2365 οῗκμήν,

530 2418 585 2422 -
615 2395 697 2434 309
744 2390 849 2445 (ΧΠ
886 2393 958 2445 20)
1003 2389 1216 2446 [ἐνήλατα
1248 2390 1343 2440 ξύλ’
1374 2390 1432 2438 ὥς
1468 2393 1696 2445 τρίγομφα
1726 2389 1967 2444 &confidem
1996 2389 2101 2444 ἐρεί-

532 2471 671 2514 deva».

532 2562 810 2615 Vocabulum,
860 2562 903 2604 ni
949 2562 1090 2615 fallor,
1123 2562 1397 2615 cotidianum,
1444 2562 1565 2606 cuius
1604 2563 1742 2616 prima
1771 2561 1815 2605 in
1846 2561 2104 2605 carminibus

396 2642 638 2685 Homericis
668 2642 864 2695 exempla
894 2646 1134 2696 occurrunt,
1167 2655 1302 2695 usque
1333 2644 1386 2684 ad
1410 2646 1597 2685 aetatem
1618 2643 1854 2685 Romanam
1878 2654 1904 2684 a
1925 2641 2105 2695 scripto-

397 2722 517 2764 ribus
538 2725 786 2774 usurpatum
817 2725 895 2775 est,
914 2733 1053 2774 neque
1083 2721 1253 2774 quidem
1285 2721 1421 2764 solum
1453 2733 1479 2763 a
1508 2721 1646 2774 poetis
1677 2722 1752 2763 sed
1775 2720 1905 2763 etiam
1929 2733 1955 2762 a
1975 2719 2104 2774 scrip-

397 2802 564 2845 toribus
596 2801 803 2844 orationis
834 2800 1061 2854 pedestris.

398 2924 568 2968 εὐδία
634 2926 788 2969 coeli
848 2926 1162 2977 serenitas,
1225 2925 1674 2979 tranquillitas,
1722 2925 1896 2968 animi
1943 2924 2105 2968 beni-

534 3007 750 3061 gnitas.
1616 2987 1619 2991 ⁵

535 3087 653 3129 Ichn.
687 3090 769 3128 346
800 3086 923 3140 (XIV
954 3087 998 3140 4)
1031 3085 1167 3141 [o‘zist'
1198 3083 1280 3127 οὖν
1311 3085 1365 3127 τό
1397 3085 1580 3139 λοιπὴν
1609 3087 1669 3132 εἰς
1699 3084 1766 3137 ἔμ’
1796 3083 1953 3127 ειῗδίαν
1981 3083 2105 3140 ἔχων,

534 3178 630 3221 Vim
675 3179 792 3221 illam
835 3177 1083 3232 primariam
1133 3180 1246 3232 apud
1291 3179 1601 3232 Hippocratem
1647 3178 1840 3230 aliosque
1871 3176 2106 3231 scriptores
