2358 3782
259 283 291 347 Β
305 310 426 356 XIV„
797 312 857 348 De
889 312 1093 348 vocabulis
1117 312 1406 348 Ichneutarum.
1942 315 1983 348 11

258 455 401 500 forma
431 457 604 511 longior
634 457 743 501 satis
775 470 876 500 raro
907 458 1118 510 occurrit3
1151 463 1273 501 certa
1289 458 1494 512 exempla
1512 460 1668 511 poetae
1691 457 1845 500 comici
1865 470 1987 511 prae-

256 538 362 581 bent
391 538 512 581 velut
539 538 858 592 Aristophanes
903 538 1029 592 (Ach.
1056 540 1171 593 879),
1217 537 1551 581 Anaxandrides
1584 537 1655 592 (fr.
1689 542 1797 591 39‚12
1830 538 1984 593 Kock),

256 618 469 661 Timocles
491 618 561 671 (fr.
588 622 646 670 l‚4
667 619 820 673 Kock).
860 619 968 662 Num
992 619 1243 662 Herodotus
1264 620 1378 674 (2⁶⁶)
1400 620 1483 662 hac
1506 618 1647 662 forma
1668 631 1770 662 usus
1791 619 1861 664 sit.
1885 632 1986 662 non-

257 696 356 742 dum
388 702 575 742 constat.
622 698 841 742 Cotidiani
872 699 1082 742 sermonis
1113 699 1255 742 forma
1275 699 1508 754 trisyllaba
1529 698 1739 755 αἴλουρος
1762 704 1841 747 est,
1865 699 1986 743 cuius

257 791 360 822 usus
405 779 604 833 exempla
632 779 677 822 in
710 792 909 823 sermone
956 783 1002 822 et
1047 779 1219 833 poetico
1267 783 1312 823 et
1341 779 1537 834 pedestri
1567 784 1756 823 exstant.
1818 780 1986 823 Horum

257 859 496 902 veterrima
531 859 753 914 Sophoclis
786 865 931 902 aetate
963 860 1233 914 aliquantum
1264 861 1510 914 posteriora
1541 864 1654 913 sunt,
1687 861 1988 904 recentissima

255 940 371 994 apud
400 940 641 994 scriptores
672 940 994 984 ecclesiasticos
1027 941 1320 984 inveniuntur.

256 1076 552 1132 αἰόλισμα

391 1158 512 1202 Ichn.
544 1163 627 1202 319
659 1159 791 1213 (XIII
822 1162 866 1214 3)
901 1159 1110 1214 ἐξα[ί]ρει
1142 1159 1223 1214 γοῖρ
1255 1158 1403 1201 αὐτόν
1431 1158 1645 1212 αἰόλισμα
1677 1161 1756 1215 τῆς
1776 1159 1958 1215 λ[υ’]ρας.

394 1260 520 1312 ἅπαξ
549 1264 783 1318 εἰρημένον
814 1276 837 1306 e
871 1264 1003 1306 verbo
1026 1262 1239 1312 αἰολίζειν
1262 1263 1518 1307 derivatum.
1564 1263 1687 1307 Sicut
1708 1265 1790 1307 hoc
1811 1277 1897 1307 non
1919 1277 1986 1307 so-

253 1342 340 1386 lum
371 1343 603 1386 aeolico
635 1356 787 1386 more
819 1355 1036 1387 canere
1059 1343 1295 1398 (Pratinas,
1317 1343 1625 1399 fr.5‚2Bergk)
1645 1349 1722 1388 aut
1752 1344 1987 1388 aeolice

253 1422 307 1466 lo
321 1437 348 1477 q
361 1423 417 1466 ui
437 1423 727 1478 (Heraclides,
746 1425 897 1468 Descr.
914 1425 989 1468 Gr.
1005 1428 1078 1478 3‚1‚
1092 1425 1262 1480 Strabo,
1281 1425 1372 1479 alii)
1393 1426 1470 1468 sed
1490 1425 1620 1468 etiam
1643 1425 1894 1467 ποικίλλειν
1909 1426 1936 1469 i.
1949 1438 1985 1469 e.

254 1504 423 1548 varie
438 1517 579 1560 gare
614 1505 847 1561 significat,
875 1510 923 1548 ut.
950 1505 1224 1561 grammatici
1248 1510 1469 1549 testantur
1486 1507 1681 1560 exemplo
1705 1519 1728 1549 e
1746 1506 1988 1560 Sophoclea

253 1583 403 1629 fabula
447 1587 646 1639 quadam,
695 1587 817 1629 cuius
862 1599 1014 1630 nomen
1048 1586 1193 1641 periit,
1225 1590 1395 1641 sumpto
1427 1587 1628 1642 (Photius
1671 1587 1741 1641 [R.
1786 1587 1986 1631 Reitzen-

251 1665 380 1719 stein,
413 1666 510 1710 Der-
533 1667 712 1722 Anfang
743 1669 782 1710 d.
814 1667 1035 1711 Lexikons
1067 1669 1108 1710 d.
1141 1667 1325 1710 Photios
1356 1680 1396 1721 p.
1431 1670 1502 1721 52]
1535 1667 1763 1717 αἰολίζειν·
1810 1668 1863 1709 τό
1887 1683 1985 1709 ποι-

253 1745 433 1789 κίλλειν.
479 1744 622 1796 οὕτως
666 1747 921 1803 Σοφοκλῆς
965 1747 1069 1791 item
1100 1747 1142 1790 in
1176 1747 1362 1790 Bekkeri
1396 1747 1635 1791 Anecdotis
1666 1761 1706 1802 p.
1737 1751 1868 1802 361‚2,
1903 1762 1986 1802 quo

256 1829 388 1873 etiam
425 1829 649 1872 annotatio
681 1828 942 1872 scholiastae
969 1829 1192 1872 cuiusdam
1225 1830 1281 1871 ad
1311 1829 1590 1872 Theocritum
1621 1831 1734 1883 [1‚⁵⁶]
1767 1829 1987 1883 pertinere

258 1907 448 1962 videtur,
479 1907 517 1951 si
547 1920 702 1951 nomen
734 1908 959 1962 scriptoris
1003 1921 1050 1951 re
1095 1921 1202 1951 vera
1232 1921 1287 1951 ex
1316 1907 1530 1964 Ἱεροκλῆς
1558 1908 1602 1952 in
1635 1909 1868 1963 Σοφοκλῆς
1898 1922 1987 1953 mu-

258 1991 353 2032 tare
385 1988 518 2032 liceat
549 1988 618 2039 [fr.
651 1993 734 2031 826
765 1989 969 2043 Nauck])‚
1000 1989 1065 2032 ita
1095 1989 1226 2032 etiam
1258 1989 1473 2041 αἰόλισμα
1504 1988 1715 2031 ποικίλον
1743 1989 1874 2041 μέλος
1902 1990 1986 2046 sig-

253 2067 418 2122 nificat,
439 2072 489 2112 ut
506 2069 669 2112 monuit
690 2069 1313 2113 Wilamowitz-Moellendorff
1329 2070 1397 2123 (N.
1419 2070 1573 2113 Jahrb.
1596 2069 1756 2113 XXIX
1786 2084 1827 2124 p.
1851 2073 1986 2125 4531),

261 2153 308 2193 et
337 2150 393 2193 ad
423 2151 605 2193 eandem
627 2149 990 2205 significationem
1021 2153 1194 2204 spectat
1215 2151 1441 2193 annotatio
1474 2143 1632 2194 Huntii
1663 2150 1845 2206 (Oxyrh.
1879 2152 1985 2206 Pap.

254 2230 323 2273 IX
343 2243 384 2284 p.
408 2231 493 2285 82).
526 2231 717 2273 Verbum
741 2230 955 2280 αἰολίζειν
978 2230 1161 2285 primum
1195 2244 1223 2274 v
1238 2231 1516 2287 ariegare
1549 2231 1833 2286 (ποικίλλειν)
1854 2233 1988 2288 signi-

252 2310 407 2355 ficasse
437 2311 636 2365 exempla
668 2311 889 2355 affirmare
920 2311 1137 2366 videntur,
1171 2312 1209 2355 si
1239 2314 1294 2356 ad
1327 2316 1516 2356 aetatem
1557 2325 1706 2356 eorum
1729 2318 1985 2367 spectamus.

253 2446 550 2504 *ἄκαρπος
592 2450 824 2505 frugum
855 2450 1041 2504 inops.

389 2531 508 2575 Ichn.
547 2511 776 2574 353—354
807 2531 932 2585 (XIV
966 2535 1151 2586 11—12)
1188 2533 1241 2585 [εἰ
1262 2530 1315 2586 δὴ
1347 2530 1491 2586 κλοπή
1522 2533 1609 2585 τ]ίς
1638 2531 1751 2583 ἐστι,
1790 2532 1874 2573 τόν
1895 2532 1988 2574 κλέ-

393 2625 514 2667 πτην
546 2612 703 2653 σκόπει
720 2611 726 2667 Ι
747 2609 940 2667 [ἄπορον
973 2610 1211 2666 ἅ]καρποι“·

391 2715 437 2759 Si
483 2715 642 2759 lacuna
671 2716 827 2771 papyri
859 2720 991 2768 recte,
1026 2719 1074 2758 ut
1106 2715 1207 2758 mihi
1240 2716 1426 2769 videtur,
1460 2716 1634 2770 expleta
1663 2720 1743 2767 est,
1775 2717 1859 2759 hoc
1888 2717 1983 2760 loco

252 2792 454 2851 ἄκαρπος
487 2809 588 2849 non,
630 2800 678 2839 ut
727 2797 851 2850 solet,
904 2796 1281 2839 infecundum
1334 2796 1566 2851 significat,
1618 2797 1695 2839 sed
1756 2797 1986 2852 frugum

251 2875 492 2931 inopem.
541 2878 664 2920 Haec
698 2890 782 2921 vox
813 2877 994 2931 primum
1029 2879 1144 2931 apud
1166 2877 1431 2931 Aeschylum
1469 2877 1692 2920 invenitur
1713 2877 1852 2930 (Eum.
1884 2880 1986 2932 943)

252 2958 327 3000 sed
376 2957 432 3000 ibi
474 2958 560 3000 iam
606 2970 685 3012 per
730 2958 1061 3002 translationem
1108 2961 1361 3011 usurpatum
1394 2962 1462 3001 est
1494 2956 1718 3012 (ἄκαρπος
1753 2959 1906 3014 νόσος)
1938 2963 1987 3001 ut

251 3036 383 3080 etiam
415 3039 531 3091 apud
552 3038 863 3092 Bacchylidem
885 3039 955 3091 (fr.
985 3043 1068 3091 11‚e
1091 3038 1246 3085 Blass).
1280 3038 1459 3082 Solitam
1482 3038 1599 3081 illam
1623 3037 1984 3093 significationem

251 3117 435 3171 primum
467 3120 581 3172 apud
616 3118 864 3173 Euripidem
896 3119 1044 3173 (Herc.
1072 3123 1174 3172 369)
1205 3123 1250 3161 et
1281 3118 1594 3173 Hippocratem
1627 3119 1768 3172 (Dem.
1799 3118 1861 3161 IV
1901 3121 1985 3171 90),

253 3197 408 3241 deinde
451 3199 569 3241 etin
613 3212 810 3242 sermone
849 3201 1021 3253 poetico
1053 3204 1099 3242 et
1144 3198 1337 3253 perh-stri
1384 3199 1543 3243 aetatis
1590 3199 1900 3243 Hellenisticae
1942 3204 1987 3243 et
