2358 3782
414 309 458 343 78
1030 310 1068 345 L.
1096 310 1138 346 Ο.
1167 310 1249 346 ΤΗ.
1275 310 1511 347 Tannum.
1948 312 2113 351 BXIV.⁴

413 452 608 494 cabulum
641 452 857 505 poeticum
889 451 1118 507 α’γρώστης
1139 453 1270 495 semel
1292 454 1404 506 apud
1424 453 1676 507 Sophoclem
1699 454 1966 509 (Alexander
1985 455 2038 498 fr.
2061 458 2111 498 91

411 532 578 585 Nauck)
600 531 803 575 adiectivi
826 532 944 575 vices
958 531 1173 587 fungitur;
1195 533 1468 576 substantivo
1484 533 1714 587 Euripides
1734 538 1779 577 et
1799 539 1954 587 poetae
1973 539 2114 588 poste-

411 610 549 653 riores
579 624 715 664 usque
747 613 800 654 ad
833 615 1020 654 aetatem
1051 611 1286 654 Romanam
1318 612 1385 655 usi
1414 616 1527 655 sunt.
1572 613 1788 656 Incertum
1809 613 1981 656 videtur
2005 626 2114 667 esse,

410 694 550 733 utrum
588 691 668 733 hoc
709 691 803 734 loco
830 704 922 734 rus
936 696 955 734 t
968 691 982 733 i
996 704 1017 734 c
1033 705 1059 733 u
1075 705 1112 733 m
1145 704 1200 734 an
1230 704 1259 734 v
1274 704 1296 734 e
1314 705 1340 733 n
1356 705 1381 734 a
1394 696 1413 734 t
1426 705 1449 735 o
1464 706 1485 734 r
1498 705 1520 734 e
1537 705 1572 734 m
1616 692 1850 748 significet;
1882 694 1993 736 hanc
2024 693 2116 746 qui-

411 771 506 812 dem
537 770 623 814 vim
654 772 785 814 semel
811 773 928 824 ‘apud
958 772 1233 825 Apollonium
1263 771 1474 830 Rhodium
1507 774 1638 826 (4,175)
1668 785 1774 826 prae
1805 785 1851 815 se
1881 772 1978 816 fert.

410 915 438 957 ἅ
457 930 666 974 κεστρο
684 933 707 957 ν
745 931 781 960 m
800 918 1103 961 edicamen.

544 998 662 1041 Iohn.
696 1003 775 1041 317
810 998 939 1053 (XIII
973 1000 1013 1052 1)
1044 1001 1117 1038 καὶ
1149 1000 1286 1040 τοῦτο
1319 998 1491 1053 λιῖπη[ς]
1523 998 1615 1040 ἔστ’
1640 997 1857 1054 ἄκεστρον
1878 1002 1951 1040 καὶ
1972 1015 2115 1053 παρα-

545 1080 873 1135 ψυκ[τ]ήρ[ιο]ν

547 1182 766 1235 Nusquam
799 1182 881 1225 nisi
913 1183 1026 1236 apud
1057 1182 1311 1236 Sophoclem
1341 1183 1465 1225 huius
1486 1183 1686 1237 vocabuli
1706 1182 1756 1225 fit
1776 1183 1949 1237 mentio,
1988 1180 2113 1232 ἅπαξ

411 1263 643 1317 εἰρημένον
674 1266 820 1306 tamen
850 1275 934 1305 non
964 1267 1042 1315 est,
1075 1275 1167 1305 cum
1197 1262 1442 1316 Hesychius
1464 1263 1702 1316 exemplum
1726 1264 1945 1316 hucusque
1966 1262 2111 1318 cogni-

406 1346 495 1385 tum
528 1355 614 1385 non
645 1355 698 1384 ex
729 1341 950 1384 Ichneutis
995 1342 1071 1384 sed
1102 1355 1125 1384 e
1155 1342 1400 1394 Palamede,
1446 1342 1670 1397 tragoedia
1714 1342 1954 1396 deperdita,
1986 1341 2114 1386 affert

406 1421 473 1475 (fr.
507 1425 591 1464 439
621 1422 805 1476 Nauck).
836 1445 894 1452 —
915 1422 1101 1464 Verbum
1132 1419 1258 1463 οἷκεῖν
1288 1422 1350 1475 (et
1380 1419 1606 1476 ἀκεῖσθαι)
1637 1426 1682 1464 et
1711 1423 1925 1465 vocabula
1960 1434 2015 1465 ex
2044 1435 2113 1466 ea-

409 1503 504 1544 dem
535 1502 674 1555 stirpe
715 1502 895 1544 oriunda
927 1501 1013 1543 alia
1041 1501 1126 1544 iam
1157 1501 1200 1543 in
1231 1501 1491 1555 carminibus
1520 1501 1762 1544 Homericis
1793 1508 1837 1544 et
1866 1503 1981 1556 apud
2011 1514 2112 1556 poe·

405 1585 474 1624 tas
505 1581 697 1636 tragicos
728 1581 1049 1635 scriptoresque
1079 1581 1252 1624 Atticos
1281 1566 1571 1631 inveniuntur,
1603 1582 1688 1624 alia
1718 1581 1874 1624 aetatis
1890 1582 2109 1625 Romanae

405 1665 515 1704 sunt.

404 1797 790 1839 *ἀκολουθία
825 1797 1193 1849 consecutio,
1235 1810 1433 1852 agmen
1464 1810 1657 1840 canum
1689 1783 2107 1853 venaticorurru

539 1878 658 1920 Ichn.
694 1880 744 1920 15
777 1876 819 1933 (I
852 1878 921 1931 15)
955 1875 1240 1932 [οἷκολομθίᾳ
1271 1876 1352 1932 γὰρ
1383 1876 1638 1931 ἐμμαν<ἠ>ς
1668 1879 1900 1932 κυνηγετῶ.

541 1983 846 2038 Fragmentum
870 1996 896 2024 a
916 1982 1071 2025 Photio
1104 1982 1280 2024 allatum
1311 1981 1575 2023 ἀκολουθία·
1610 1981 1633 2036 ἡ
1665 1980 1978 2037 ἀκολούθησις.
2025 1983 2108 2023 Σο-

404 2062 568 2117 φοκλῆς
599 2062 668 2116 (fr.
700 2065 782 2105 899
814 2063 983 2116 Nauck)
1015 2063 1068 2104 ad
1099 2063 1212 2104 hunc
1241 2063 1380 2104 locum
1409 2065 1605 2115 spectare
1637 2062 1874 2105 arbitratus
1909 2062 2107 2105 lacunam

403 2144 596 2197 explevit
636 2142 1250 2186 Wilamowitz-Moellendorff
1285 2143 1437 2196 (Hunt,
1481 2142 1646 2196 Oxyrh.
1690 2144 1796 2196 Pap.
1839 2142 1906 2186 IX
1947 2156 1988 2197 p.
2021 2145 2105 2198 68).

402 2224 495 2266 Hoc
526 2224 793 2274 vocabulum,
827 2223 947 2266 cuius
979 2223 1211 2266 veterrima
1232 2224 1428 2276 exempla
1459 2222 1692 2276 Sophocles
1713 2223 1906 2276 praebet,
1929 2223 2109 2277 saepius

403 2304 857 2347 consecutionis
902 2303 986 2346 vim
1033 2316 1139 2357 prae
1184 2316 1230 2346 se
1275 2303 1372 2351 fert,
1413 2305 1488 2346 sed
1531 2303 1660 2346 etiam
1692 2303 2031 2346 comitatum
2063 2308 2107 2347 et

402 2387 515 2439 apud
545 2385 871 2438 Xenophontem
905 2385 1075 2437 quidem
1113 2383 1234 2438 (Cyn.
1270 2385 1371 2437 10‚⁵)
1406 2396 1603 2438 agmen
1635 2395 1833 2426 canum
1874 2384 2107 2427 venat-i-

402 2478 605 2508 corum.
666 2465 762 2507 Hoc
797 2465 891 2507 loco
933 2465 1248 2517 Xenophonteo
1291 2463 1410 2507 nisus
1454 2463 1679 2518 Vollgraif,
1712 2464 1784 2516 qui
1815 2463 2105 2506 coniecturam

401 2546 454 2587 W
458 2544 1039 2588 ilamowitz-Moellendorffii
1061 2557 1086 2586 a
1105 2543 1269 2586 Huntio
1299 2544 1344 2586 in
1374 2547 1538 2586 textum
1583 2547 1802 2596 receptam
1833 2543 2102 2597 approbavit,

402 2625 610 2667 vocabulo
631 2623 882 2678 οἷκολουθίᾳ
912 2627 1059 2667 nostro
1092 2636 1260 2676 quoque
1291 2624 1396 2677 loco,
1421 2623 1491 2666 ubi
1523 2623 1678 2676 Apollo
1710 2628 1959 2670 venatorum
1987 2635 2105 2666 more

399 2704 601 2757 loquitur,
621 2704 703 2746 vim
734 2704 851 2746 illam
873 2703 1111 2746 venaticam
1134 2704 1370 2746 subiectam
1393 2715 1487 2746 esse
1510 2703 1675 2745 monuit
1696 2703 1991 2756 (Mnemosyne
2021 2701 2102 2745 Ns·

400 2787 453 2826 42
485 2797 524 2837 p.
559 2785 642 2838 82).
704 2784 806 2826 Cum
852 2785 963 2826 hanc
1006 2783 1406 2836 interpretationem
1448 2787 1608 2826 rectam
1652 2795 1747 2825 esse
1779 2795 1988 2835 censeam,
2019 2794 2106 2825 non

400 2876 569 2917 possum
600 2863 758 2916 facere,
790 2864 890 2916 quin
922 2863 1157 2916 exemplum
1190 2875 1215 2904 a
1245 2862 1398 2905 Photio
1430 2862 1608 2904 allatum
1638 2863 1693 2904 ad
1729 2861 1858 2904 alium
1890 2863 2103 2914 quendam
2164 2858 2167 2861 ⁷

398 2943 538 2986 locum
587 2947 787 2996 spectare
829 2946 988 2996 putem,
1035 2954 1120 2995 qua
1164 2943 1215 2984 de
1261 2954 1391 2984 causa
1437 2941 1690 2984 vocabulum
1736 2940 1988 2982 οἷκολουῦἰα
2018 2953 2104 2984 non

399 3023 514 3065 inter
560 3035 610 3065 ea
655 3023 868 3065 vocabula
913 3022 1164 3075 Sophoclea,
1196 3034 1305 3074 quae
1335 3022 1379 3063 in
1410 3020 1625 3063 Ichneutis
1655 3024 1822 3063 tantum
1853 3025 2102 3073 occurrunt,

400 3102 541 3144 attuli.
574 3126 627 3132 —
661 3102 1080 3147 Commemorandum
1112 3105 1180 3144 est
1198 3101 1434 3143 Murraium
1456 3102 1652 3143 lacunam
1675 3100 1759 3142 alio
1780 3101 1905 3142 modo
1929 3100 2102 3153 explere

399 3165 599 3224 conatum
646 3194 758 3234 esse3
801 3180 1093 3236 [dvomkaefflqc
1137 3180 1502 3240 enimproposuit
1531 3180 1681 3234 (Hunt,
1715 3180 1877 3233 Oxyrh.
1909 3180 2015 3232 Pap.
2037 3178 2103 3221 IX
