2358 3782
228 303 395 347 mmm
775 302 835 338 De
861 301 1063 338 vocabulis
1087 301 1378 337 lehneutarum.
1906 300 1950 334 79

227 461 271 504 pt
302 451 394 504 68);
427 450 506 493 hoc
536 453 684 493 tamen
715 447 982 499 vocabulum,
1016 449 1129 500 quod
1161 450 1369 500 quantum
1399 445 1597 498 equidem
1627 444 1774 494 sciam,
1792 457 1951 488 novum

227 532 309 585 est,
330 542 415 573 non
446 542 584 584 aeque
606 530 716 572 bene
738 540 788 571 ac
810 527 1059 571 coniectura
1074 527 1150 570 illa
1177 524 1824 570 Wilamowitz-Moellendorifii
1855 537 1951 568 sen-

226 609 394 654 tentiae
425 614 573 664 aptum
604 621 699 653 esse
730 609 916 652 videtur.

228 746 444 791 ἀλύειν
486 748 814 800 exsultare,
855 747 1153 802 languere.

362 829 485 874 Ichn.
508 831 735 873 318—319
767 827 899 882 (XIII
919 828 1050 882 2—3)
1079 829 1226 882 χαίρει
1248 824 1289 868 δ’
1302 825 1456 867 ἀλύων
1478 828 1553 865 καί
1573 837 1619 866 τι
1641 826 1951 880 προσφων[ω”ν

362 909 510 965 μέλος]
526 911 532 967 Ι
545 909 666 966 ξιὶμᾳ
674 923 804 951 ωνον·

361 1013 650 1057 Ηιιιιῖποὼε
683 1015 828 1068 χαίρει
859 1010 1074 1054 δ’ἅλόων
1106 1010 1276 1067 anglice
1296 1010 1360 1054 sic
1382 1010 1547 1053 reddit:
1580 1010 1645 1052 he
1679 1009 1952 1064 delights

223 1094 278 1139 im
307 1094 407 1138 the
439 1095 560 1138 mad
586 1093 687 1148 joy
730 1092 923 1148 (Oxyrhs
961 1093 1068 1146 Pap.
1109 1091 1176 1135 IX
1206 1105 1247 1146 p.
1280 1091 1369 1148 82).
1421 1091 1646 1134 Bucherer
1676 1102 1779 1133 vero
1811 1089 1946 1143 (Berl.

225 1174 331 1230 phil.
365 1175 672 1219 Wochenschr.
697 1177 752 1217 32
775 1186 817 1228 p.
852 1177 960 1217 1107
993 1173 1102 1227 seq.)
1132 1173 1213 1215 hoc
1242 1172 1337 1215 loco
1369 1171 1639 1226 vocabulum,
1673 1171 1788 1223 quod
1817 1170 1950 1213 fidi-

224 1256 329 1300 bus
359 1254 610 1300 canendi
652 1254 739 1298 vim
782 1255 987 1306 haberet„
1018 1253 1181 1307 requiri
1227 1252 1431 1307 opinatus
1478 1251 1636 1294 α’λύων
1664 1231 1726 1294 'in
1756 1249 1951 1307 ἀθύρων

226 1339 476 1382 mutandum
507 1349 603 1381 esse
633 1336 814 1380 censuit.
875 1336 971 1379 Hac
1002 1340 1146 1379 autem
1177 1334 1408 1387 sententia,
1430 1334 1496 1378 cui
1519 1334 1651 1377 etiam
1673 1335 1797 1377 Maas
1821 1333 1943 1388 (ibid.

174 1474 177 1475 ⁷
225 1431 267 1473 p.
302 1420 430 1474 1429)
461 1430 665 1462 assensus
697 1421 804 1472 erat,
838 1417 1002 1461 reiecta
1017 1415 1238 1471 Vollgraff
1248 1416 1549 1470 (Mnemosyne
1566 1414 1650 1458 Ns.
1669 1418 1723 1457 42
1742 1427 1783 1468 p.
1810 1417 1951 1456 174-

227 1500 327 1555 175)
371 1499 551 1543 verbnm
596 1496 768 1551 α’λύειν,
803 1499 918 1552 quod
963 1497 1140 1552 proprie
1185 1498 1239 1540 de
1285 1496 1418 1539 animi
1447 1495 1820 1548 commotionibus,
1853 1495 1947 1538 sive

222 1580 382 1638 gaudio
412 1581 507 1624 sive
537 1580 687 1624 dolore
718 1580 812 1624 sive
845 1592 987 1623 amore
1019 1579 1113 1622 sive
1144 1577 1319 1622 musicis
1342 1578 1553 1631 oriuntur,
1578 1590 1687 1631 quae
1705 1577 1951 1620 hominibus

223 1674 398 1708 sensum
429 1661 632 1716 eripiunt,
664 1661 850 1714 dicatur,
883 1661 1127 1704 sententiae
1158 1661 1268 1704 bene
1299 1672 1394 1703 esse
1426 1660 1793 1703 accommodatum
1826 1658 1945 1701 ideo-

224 1755 311 1797 que
337 1744 600 1799 servandum
643 1755 739 1785 esse
770 1742 983 1796 perhibet.
1044 1742 1106 1784 At
1137 1741 1321 1784 Cronert
1350 1741 1401 1794 (s.
1435 1753 1475 1783 v.
1509 1738 1646 1792 α’λύω,
1678 1739 1721 1782 in
1753 1739 1948 1782 editione

223 1823 355 1868 lexici
373 1823 649 1868 Passowiani
669 1825 800 1878 nova)
820 1824 904 1867 hoc
924 1824 1019 1866 loco
1043 1824 1168 1866 deum
1188 1823 1400 1866 infantem
1431 1821 1631 1865 taedio
1664 1820 1866 1864 affectum
1897 1833 1948 1864 se

76 1899 78 1902 ’
154 1939 159 1945 .
222 1905 322 1960 lyra
351 1905 572 1949 oblectare
602 1905 689 1948 dici
719 1904 922 1951 ostendit.
986 1904 1108 1960 Quod
1144 1903 1245 1947 mihi
1276 1904 1448 1957 quidem
1479 1903 1790 1946 sententiarum
1813 1901 1948 1945 nexui

223 1985 386 2041 optime
427 1986 660 2029 convenire
702 1985 889 2029 videtur.
919 2011 976 2016 —
1007 1985 1103 2028 Hoc
1137 1985 1406 2036 vocabulum,
1439 1997 1522 2038 quo
1555 1984 1654 2026 inde
1686 1995 1711 2025 a
1743 1982 1947 2036 tempori-

223 2067 304 2111 bus
349 2067 526 2110 Homeri
572 2079 708 2120 usque
754 2068 809 2109 ad
852 2070 1038 2115 aetatem
1072 2066 1310 2109 Romanam
1341 2065 1386 2108 in
1415 2064 1565 2119 primis
1596 2068 1766 2118 poetae,
1799 2068 1947 2106 aetate

222 2147 466 2193 recentiore
496 2148 629 2192 etiam
660 2148 901 2205 scriptores
932 2148 1140 2191 orationis
1183 2148 1351 2191 solutae
1381 2148 1449 2190 usi
1479 2150 1593 2200 sunt,
1628 2147 1672 2189 in
1704 2146 1948 2202 tragoediis

221 2228 471 2284 Sophocleis
492 2239 722 2273 occurrere
753 2228 862 2283 (ΟΒ.
895 2233 992 2283 695,
1027 2228 1093 2271 El.
1128 2232 1222 2282 135,
1255 2228 1365 2271 Phil.
1402 2232 1497 2280 174,
1530 2229 1660 2280 1194)
1681 2240 1805 2271 nemo
1827 2226 1948 2282 igno-

222 2314 308 2362 rat,
337 2311 415 2354 sed
445 2323 541 2354 cum
570 2310 614 2353 in
646 2310 882 2366 tragoediis
927 2310 1082 2353 mentis
1125 2309 1406 2364 agitationem
1439 2308 1717 2352 acerbissimo
1751 2320 1947 2351 moerore

221 2393 294 2437 vel·
334 2405 501 2448 angore
532 2387 1025 2447 affectae‘designaret,
1058 2395 1206 2435 nostro
1238 2396 1381 2434 autem
1411 2391 1506 2433 loco
1537 2403 1709 2433 sensum
1741 2403 1828 2433 non
1861 2402 1944 2432 me-

222 2473 430 2518 diocriter
465 2474 786 2528 discrepantem
833 2472 969 2516 taedii
1012 2473 1167 2516 summi
1210 2485 1314 2527 prae
1360 2485 1406 2515 se
1448 2471 1564 2516 ferre
1606 2471 1842 2525 videretur,
1875 2471 1947 2514 hic

223 2558 320 2599 erat
350 2553 628 2598 afferendum.

357 2635 517 2680 Restat
545 2639 594 2678 ut
625 2626 819 2679 moneam
850 2635 895 2678 in
926 2647 1094 2689 papyro
1126 2633 1194 2675 ιίλ
1212 2649 1233 2674 υ
1252 2637 1314 2675 ίω
1333 2650 1355 2674 ν
1386 2647 1481 2678 esse
1504 2634 1728 2688 scriptum,
1753 2635 1869 2687 quod
1891 2635 1949 2678 ab

220 2716 400 2771 editore,
443 2717 641 2760 omnibus
682 2716 772 2760 fere
817 2716 1167 2771 assentientibus,
1213 2716 1259 2758 in
1303 2714 1460 2756 ἀλύων
1501 2718 1568 2758 est
1600 2719 1822 2758 mutatum.
1883 2716 1946 2758 At

222 2797 443 2852 Vollgraff
477 2797 648 2852 quidem
690 2797 872 2841 formam
914 2797 1032 2840 illam
1062 2810 1147 2840 non
1180 2796 1348 2839 librarii
1379 2809 1527 2839 errore
1558 2800 1716 2839 natam.
1750 2797 1828 2839 sed
1857 2809 1945 2837 πα-

223 2875 523 2932 ραδιόρθωμα
553 2878 826 2934 grammatici
858 2882 934 2921 aut
962 2878 1101 2932 ipsam
1135 2875 1303 2921 manum
1336 2881 1492 2931 poetae
1522 2889 1619 2920 esse
1655 2876 1835 2929 censuit,
1859 2890 1947 2930 qua

222 2959 276 3002 de
297 2971 431 3002 causa
448 2959 679 3002 retinenda
693 2958 764 3013 sit,
782 2959 818 3002 si
835 2963 955 3002 recte
969 2958 1180 3001 intellexi.
1227 2958 1422 3001 Eandem
1438 2957 1619 3000 formam
1652 2957 1733 3000 Gn.
1759 2958 1940 3002 Schulze

220 3039 307 3083 iam
353 3043 484 3083 antea
529 3039 723 3094 (Quaest.
770 3040 920 3094 epicae
962 3053 1004 3094 p.
1038 3044 1122 3082 310
1153 3040 1262 3093 seq.)
1294 3039 1487 3082 Homero
1518 3039 1831 3091 vindicaverat,
1866 3039 1940 3092 qui

221 3119 433 3175 syllabam
473 3120 601 3163 huius
643 3120 766 3164 verbi
811 3122 1043 3163 secundam
1090 3120 1343 3174 plerumque
1389 3131 1494 3162 sane
1526 3118 1721 3172 corripit,
1754 3121 1830 3162 sed
1862 3132 1948 3162 uno

221 3201 317 3244 loco
349 3203 381 3255 (ι
415 3203 516 3255 398)
546 3201 760 3255 producit,
792 3202 864 3245 ubi
887 3200 1196 3255 grammaticos
1217 3200 1445 3243 nonnullos
1479 3214 1532 3240 υι
1565 3199 1794 3253 scripsisse
1816 3200 1944 3242 testis
