2358 3782
229 257 234 262 ”
263 275 434 317 ΒΧΙῩμ
834 276 894 312 De
919 276 1124 312 vocabulis
1148 276 1436 312 Ichneutarum·.
1945 278 1990 312 33

403 421 590 465 Activae
621 421 822 465 vocabuli
852 420 1089 476 ἐξοργίζειν
1121 421 1286 464 formae
1328 421 1510 475 primum
1543 423 1729 476 praebet
1749 421 1991 475 exemplum

263 500 511 556 Xenophon
533 502 654 555 (Oec.
681 504 816 557 l7‚15)‚
849 502 1027 557 passiva
1057 503 1100 545 in
1131 502 1630 557 Batrachomyomachia
1660 504 1778 557 (184)
1809 506 1854 546 et
1875 504 1991 556 apud

152 598 159 604 ·
218 640 220 642 v
262 581 604 636 Xenophontem
635 583 735 638 (Eq.
769 585 846 638 9,2)
878 586 924 626 et
953 583 1278 626 Aristaenetum
1311 585 1425 638 (2‚20)
1457 583 1659 627 occurrit.

262 716 680 797 ἐξορμενίζειν
712 742 934 785 caulem
965 742 1256 785 emittere.

403 833 524 877 Ichn.
556 837 784 877 275—276
820 833 904 886 (XI
936 835 1120 888 12—13)
1154 832 1459 889 κοῖξορμενίζει
1490 832 1668 875 κου’κέτι
1704 833 1989 891 σχολάζεταιΙ

403 916 589 972 βλάστη·

404 1020 718 1076 Fragmentum
734 1021 1041 1063 Ichneutarum
1074 1019 1159 1062 iam
1192 1024 1324 1062 antea
1355 1019 1573 1075 cognitum
1592 1019 1661 1073 (ir.
1694 1023 1779 1062 294
1809 1019 1990 1073 Nauck).

402 1101 668 1144 Vocabulum
713 1113 952 1155 perrarum,
995 1102 1108 1154 quod
1141 1101 1221 1143 hoc
1251 1101 1557 1143 Ichneutarum
1590 1100 1683 1143 loco
1713 1105 1896 1153 except-o
1929 1112 1994 1142 se-

264 1180 349 1225 mel
365 1181 611 1235 tantum,in
643 1181 888 1237 fragmento
920 1181 1094 1224 fabulae
1135 1180 1324 1224 comicae
1352 1180 1594 1224 Nicostrati
1625 1180 1696 1237 (fr.
1716 1184 1805 1234 34‚2
1835 1181 1994 1235 Kock),

263 1262 471 1306 occurrit.
493 1259 771 1316 -ὄρμενος,
803 1263 917 1304 uude
947 1260 1243 1315 ἐξορμενιζειν
1290 1261 1533 1304 derivatum
1570 1264 1650 1313 est,
1690 1261 1868 1304 Atticae
1905 1261 1994 1304 dia-

262 1341 368 1387 lecti
401 1347 482 1398 est,
515 1348 563 1387 ut
592 1343 846 1386 Athenaeus
879 1342 943 1395 (II
974 1346 1027 1384 62
1060 1343 1114 1396 F)
1146 1346 1188 1384 et
1220 1341 1480 1385 Eustathius
1511 1342 1629 1396 (899)
1659 1345 1846 1391 monent,
1880 1343 1994 1396 apud

260 1423 500 1478 scriptores
532 1427 676 1467 autem
707 1436 790 1466 nou
824 1423 997 1467 videtur
1028 1435 1269 1466 occurrere.

259 1583 716 1641 ἐξυπέρχεσθαι
758 1598 817 1628 se
848 1585 1189 1628 subducere.

402 1676 522 1720 Ichn.
555 1679 783 1720 205—206
816 1676 943 1731 (VIII
974 1678 1161 1727 23—24)
1205 1673 1305 1718 οὔδ’
1349 1674 1653 1734 §husim-sih
1699 1678 1804 1730 τ[οῦ
1844 1674 1993 1718 πόνου

403 1761 514 1812 πρίν
545 1758 582 1812 γ’
604 1756 667 1800 ἄν
698 1759 873 1812 σα]φῶς
891 1757 897 1811 Ι
917 1756 1108 1810 εἰδῶμεν

403 1858 530 1911 ἅπαξ
569 1863 816 1917 εἰρημένον.
865 1862 998 1912 Hunt,
1032 1861 1106 1914 qui
1136 1862 1334 1905 lacunam
1366 1861 1458 1904 sine
1482 1861 1612 1905 dubio
1646 1865 1765 1904 recte
1787 1860 1993 1915 explevit,

262 1944 409 1986 monet
439 1941 617 1985 verbum
648 1941 978 1997 ἐξυπέρχεσθαι
1010 1940 1118 1984 nihil
1149 1940 1264 1983 aliud
1296 1954 1392 1984 esse
1425 1954 1474 1984 ac
1504 1941 1654 1984 tritum
1687 1942 1794 1984 illud
1816 1938 1995 1996 ὑπεξέρ-

258 2023 429 2078 χεσθαι
471 2021 731 2065 variationis
776 2022 846 2065 vel
890 2021 1017 2065 metri
1063 2034 1196 2065 causa
1239 2021 1368 2075 paulo
1414 2021 1699 2075 immutatum,
1734 2035 1817 2076 quo
1862 2022 1995 2065 etiam

262 2101 524 2157 Sophoclem
545 2115 669 2145 usum
691 2115 787 2145 esse
812 2102 1101 2158 fragmentum
1133 2102 1306 2146 fabulae
1338 2103 1531 2146 incertae
1562 2107 1753 2146 testatur
1783 2103 1854 2157 (fr.
1877 2105 1994 2155 690‚2

263 2181 452 2237 Nauck).
484 2182 523 2226 si
552 2183 783 2226 lectionem
819 2183 980 2226 codicis
1011 2183 1229 2226 Athenaei
1249 2183 1690 2237 Dipnosophistarum
1711 2183 1994 2237 manuscripti

264 2262 518 2316 retinemus,
566 2276 692 2317 quam
736 2263 994 2307 Heimsoeth
1026 2263 1224 2307 Nauckio
1255 2264 1524 2307 assentiente
1554 2264 1599 2307 in
1631 2262 1864 2313 ὑπεξελεῖν
1906 2256 1996 2307 mu-

261 2342 393 2396 tavit,
418 2343 574 2387 Kaibel
606 2347 726 2387 recte
759 2344 966 2387 restituit.
985 2370 1039 2375 ——
1058 2345 1296 2399 Vocabula,
1321 2345 1476 2398 quibus
1498 2345 1721 2399 praefixae
1750 2349 1853 2388 sunt
1872 2357 1996 2399 prae—

259 2423 502 2480 positiones
545 2424 702 2473 ἓξυπο-
733 2426 867 2468 multo
910 2431 1009 2468 sunt
1057 2425 1228 2468 rariora
1273 2438 1399 2479 quam
1445 2426 1582 2469 verba
1610 2425 1818 2480 praefixis
1848 2424 1994 2480 ὕπεκ-,

263 2503 418 2560 daeg<
442 2505 673 2549 instructa.
737 2506 860 2549 Haec
903 2505 1016 2549 enim
1062 2505 1107 2548 in
1138 2506 1278 2550 lexico
1310 2506 1524 2550 Passowii
1554 2507 1637 2560 (ed.
1671 2508 1713 2561 5)
1744 2519 1995 2550 enumeran-

260 2589 339 2630 tur
369 2590 438 2640 96,
471 2586 627 2640 quibus
651 2587 752 2630 addi
790 2591 974 2641 possunt
1009 2592 1033 2630 5
1056 2587 1110 2630 ab
1145 2584 1371 2636 ύπεξανα-
1402 2591 1447 2630 et
1480 2592 1502 2630 7
1536 2588 1589 2630 ab
1621 2587 1844 2643 ῦπεκπρο-
1890 2587 1994 2631 inci-

263 2666 445 2721 pientia,
467 2667 544 2710 illa
574 2671 600 2710 8
630 2670 803 2710 tantum
842 2671 956 2721 sunt,
990 2680 1167 2721 quorum
1200 2667 1383 2721 plurima
1430 2680 1516 2710 non
1560 2680 1586 2710 a
1630 2669 1765 2712 verbo
1810 2668 1996 2722 simplici

262 2746 462 2802 praefixo
493 2747 651 2797 ἐξυπο-
683 2752 810 2791 aucto
843 2749 918 2791 sed
951 2761 977 2790 a
1008 2749 1141 2791 verbo
1173 2761 1265 2791 cum
1297 2745 1409 2789 ὕπο·
1441 2748 1696 2802 composito,
1729 2749 1798 2792 cui
1818 2749 1996 2803 insuper

263 2827 506 2882 praefixum
527 2828 586 2872 sit
608 2828 668 2883 ἐξ,
690 2828 882 2872 formata
903 2841 999 2872 esse
1019 2829 1236 2872 videntur.
1279 2830 1496 2883 Pleraque
1527 2831 1742 2873 vocabula
1764 2831 1818 2873 ab
1838 2830 1994 2879 ἐξυπο-

178 2943 180 2945 ,
263 2908 520 2964 incipientia
540 2922 642 2953 rara
662 2915 708 2953 et
727 2911 900 2965 poetica
932 2914 1043 2954 sunt.
1092 2910 1178 2954 Ter
1209 2911 1378 2964 quidem
1409 2911 1571 2954 factum
1603 2915 1683 2960 est,
1716 2914 1764 2953 ut
1795 2913 1850 2953 ad
1881 2911 1993 2954 idem

267 2990 447 3034 verbum
493 2994 538 3034 et
568 2990 703 3039 ἐξυπ-
733 2995 779 3034 et
809 2990 943 3039 ὑπεξ-
974 2991 1169 3034 additum
1214 2991 1284 3043 sit,
1318 3003 1428 3044 quae
1459 2995 1561 3034 sunt
1590 2991 1917 3041 ἐξυπαλύσκειν
1936 3017 1994 3023 -

264 3067 610 3119 ὀπεξαλύσκειν.
644 3069 1008 3120 ἐξυπανιστάναι
1031 3097 1083 3103 —·
1107 3071 1486 3121 ύπεξανιστοῖναι,
1517 3071 1994 3127 ἐξυπέρχεσθοιι-ὕπεξ-

260 3151 496 3206 έρχεσθαι,
519 3151 675 3204 quibus
697 3151 888 3195 fortasse
910 3153 1153 3195 addendum
1168 3152 1228 3196 sit
1243 3151 1567 3208 ἐξυφηγεῖσθαι
1586 3178 1635 3183 --
1660 3151 1993 3208 ὐφεξηγητικός.

1832 3251 1853 3284 3
