2358 3782
416 342 459 375 14
1019 340 1063 376 L.
1090 340 1133 376 O.
1159 340 1240 376 ΤΗ.
1274 341 1509 377 TUDEER.
1955 342 2121 384 B‘X1V‚‹

413 488 503 536 τία,
537 497 621 537 qua
650 484 722 527 hic
752 485 987 538 Sophocles
1018 497 1119 528 usus
1151 490 1231 539 est,
1262 486 1400 529 minus
1431 485 1608 540 usitata,
1631 488 1706 529 sed
1728 489 1774 528 et
1794 488 1907 552 apud
1928 487 2120 542 Aeschy-

415 564 500 606 lum
542 563 747 619 (Ch‘oeph.
782 565 885 618 872)
917 568 961 607 et
991 566 1107 618 apud
1137 565 1403 608 Herodotum
1436 566 1569 619 (9,110)
1599 563 1831 608 invenitur.

414 675 525 718 α’να
545 685 789 718 νοστεῖν
830 678 1075 730 reverti,
1118 679 1329 721 redire.

550 757 669 801 Ichn.
696 761 916 800 160-161
950 758 1202 813 <V112—3)
1233 760 1272 799 εἰ
1300 758 1361 813 μή
1387 758 1762 813 ’νανοστήσαντες
1793 758 2115 816 ἐξιχνεύσεῇ-εᾙ

550 837 633 886 τοῖς
662 838 766 890 βοῦς
797 835 885 892 ὅπῃ
918 840 1074 889 βεβᾶσι
1105 841 1178 878 καὶ
1209 837 1292 879 τᾶν
1323 837 1588 891 βουκόλο[ν],

549 937 673 988 ἅπαξ
703 942 946 996 εἰρημένον.
1014 941 1138 983 Hunt
1183 940 1363 995 (Oxyrh.
1396 941 1501 994 Pap.
1533 941 1601 983 IX
1642 954 1682 995 p.
1720 941 1793 996 75)
1827 942 1938 984 hanc
1974 954 2119 986 vocem

411 1019 475 1062 ita
517 1020 726 1073 explicat:
774 1016 1074 1073 „oivavooecezv
1103 1033 1242 1063 seems
1273 1022 1375 1065 here
1406 1024 1450 1063 to
1482 1033 1606 1063 mean
1639 1023 1848 1074 „pursue“
1884 1021 1959 1064 cir.
1993 1005 2119 1076 Soph.

414 1099 525 1141 Phil,
543 1103 598 1141 43
619 1099 693 1140 ἐπὶ
717 1100 887 1155 φορβῆς
916 1100 1093 1141 νόστον.
1138 1100 1181 1142 It
1202 1100 1328 1151 could
1357 1100 1514 1154 hardly
1545 1100 1706 1155 signiiy
1740 1100 1991 1156 „returning
2010 1101 2120 1144 from

413 1181 486 1222 the
517 1192 638 1222 error
675 1179 718 1222 oi
747 1192 859 1233 your
889 1182 1051 1233 ways“.
1109 1180 1225 1222 Haec
1255 1162 1503 1233 explicatio,
1536 1180 1618 1223 etsi
1647 1181 1806 1234 optime
1838 1193 1930 1223 cum
1953 1186 2121 1224 senten-

413 1259 701 1302 tiarum-nexu
726 1271 964 1314 congruere
995 1259 1179 1312 videtur,
1195 1263 1350 1312 tamen,
1365 1260 1409 1302 ni
1431 1259 1573 1313 fallor,
1587 1260 1806 1303 reicienda
1826 1264 1904 1303 est.
1933 1261 2121 1304 Verbum

413 1339 787 1382 enimvoovezv
815 1339 983 1382 cumin
1009 1339 1158 1392 primis
1179 1341 1392 1382 domum
1423 1340 1664 1394 reverti,
1697 1340 1851 1383 deinde
1871 1341 2062 1384 redire
2078 1344 2124 1384 et

413 1419 544 1462 etiam
574 1418 659 1461 ire
696 1418 923 1474 significet,
960 1419 1090 1461 etiam
1131 1419 1175 1461 in
1217 1417 1491 1461 α’νανοστεῖν
1533 1418 1695 1472 aliquid
1737 1420 1980 1463 huiusmodi
2029 1433 2122 1464 sen-

416 1499 581 1542 tentiae
610 1498 753 1542 inesse
775 1510 952 1542 necesse
974 1503 1054 1541 est.
1103 1499 1294 1554 Quocum
1316 1500 1423 1542 bene
1444 1499 1644 1554 congruit
1664 1499 1894 1554 explicatio
1917 1500 2121 1543 Wilamo-

413 1578 878 1629 witz-Moellendorffii,
912 1578 985 1632 qui
1015 1579 1082 1632 (N.
1113 1579 1266 1622 Jahrb.
1298 1579 1454 1622 XXIX
1475 1593 1515 1632 p.
1538 1573 1642 1634 453)
1660 1577 1934 1620 οἰνανοστεῖν
1955 1564 2120 1634 germa-

413 1658 508 1701 nice
541 1658 636 1701 auf
667 1660 770 1701 den
803 1658 939 1712 Weg
980 1659 1434 1701 zuriickkehren
1462 1658 1774 1712 interpretatus
1807 1658 2121 1702 est.·Comme-
2183 1684 2186 1688 ·

414 1739 665 1781 morandum
710 1742 778 1780 est
819 1738 1006 1781 Silenum
1037 1739 1146 1780 haec
1177 1738 1310 1780 verba
1341 1737 1509 1792 Satyris
1540 1738 1683 1781 sonitu
1713 1738 1993 1781 subterraneo
2025 1751 2122 1792 per-

413 1818 579 1861 territis
626 1817 782 1871 dicere,
829 1822 874 1860 et
920 1818 1090 1871 quidem
1136 1822 1183 1860 ut
1218 1830 1292 1860 eos
1324 1830 1349 1859 a
1379 1817 1483 1872 fuga
1513 1822 1782 1860 revertentes
1811 1830 1960 1860 rursus
1990 1814 2122 1864 vesti·
2174 1808 2176 1811 ⁵

414 1898 486 1953 gia
527 1899 655 1941 boum
707 1898 928 1950 requirere
972 1902 1112 1952 cogat.
1174 1898 1329 1949 Locus,
1363 1909 1485 1950 quem
1530 1898 1654 1940 Hunt
1695 1910 1718 1940 e
1762 1896 2003 1941 Philoctete
2049 1897 2122 1940 So-

368 1963 371 1968 ·
415 1979 595 2032 phocleo
631 1979 687 2032 (v.
706 1980 778 2031 43)
801 1979 855 2020 ad
885 1959 1137 2019 firmandam
1169 1977 1428 2040 sententiam
1460 1977 1619 2029 attulit,
1651 1978 1734 2033 huc
1764 1990 1846 2019 non
1883 1978 1992 2020 bene
2022 1989 2121 2020 con-

418 2058 548 2102 venit.
600 2057 758 2101 Varias
788 2057 914 2100 istius
946 2057 1027 2100 loci
1060 2057 1371 2110 explicationes
1401 2057 1484 2100 viri
1507 2057 1621 2099 docti
1642 2057 1928 2110 protulerunt,
1951 2060 1998 2099 et
2017 2058 2120 2099 no'n-

413 2138 520 2182 nulli
551 2138 723 2191 quidem
755 2150 925 2180 versum
958 2140 1207 2190 corruptum
1237 2149 1331 2179 esse
1365 2140 1532 2189 putant.
1585 2136 1778 2180 Cavallin
1807 2137 1852 2178 in
1890 2135 2121 2179 accuratis-

414 2218 522 2261 sima
563 2217 639 2260 illa
669 2217 939 2260 Philoctetae
985 2216 1172 2259 editione
1211 2216 1374 2258 monuit
1404 2217 1671 2270 vocabulum,
1704 2217 1816 2269 quod
1846 2219 1914 2262 est
1936 2215 2119 2267 νόστος,

414 2299 528 2350 apud
547 2297 798 2350 Euripidem
829 2309 913 2339 non
945 2309 1045 2338 raro
1077 2296 1245 2338 omnino
1276 2299 1479 2348 πορείαν,
1511 2295 1725 2362 κέλευθρν
1755 2295 2013 2351 significare,
2045 2296 2121 2338 sed

413 2377 551 2420 locum
575 2377 712 2430 ipsum
736 2376 1021 2430 Sophocleum
1043 2376 1168 2417 valde
1201 2374 1372 2417 dubium
1405 2388 1498 2418 esse
1519 2376 1729 2429 perhibet,
1750 2379 1799 2418 ut
1818 2376 1948 2418 etiam
1967 2375 2121 2418 Nauck

415 2456 584 2509 aliique.
646 2455 765 2509 Quae
813 2468 905 2498 cum
952 2455 1015 2497 ita
1056 2454 1156 2507 sint,
1201 2454 1347 2497 Jebbii
1389 2454 1691 2508 interpretatio
1723 2455 1805 2498 loci
1835 2454 1949 2497 illius
1983 2454 2120 2496 Philo-

414 2541 568 2588 ctetae,
601 2535 668 2578 cui
700 2535 821 2576 Hunt
852 2533 1100 2586 assentitur,
1131 2533 1234 2575 mihi
1264 2546 1348 2575 non
1378 2533 1595 2586 persuasit
1625 2534 1796 2574 νόστον
1810 2533 1938 2575 talem
1961 2531 2121 2587 signifi·

414 2615 826 2668 cationem-habere,
864 2618 911 2655 ut
942 2615 1022 2656 hoc
1058 2614 1363 2655 Ichneutarum
1405 2613 1499 2655 loco
1531 2612 1805 2653 οἰνανοστεῖν
1850 2613 2116 2666 „pursue⁵‘
2173 2625 2176 2627 ·

413 2695 658 2750 significare
688 2698 847 2748 posset.

415 2806 587 2849 ἄνειν
621 2808 719 2850 Vide
753 2805 1047 2855 *ἐξάνειν.

414 2921 825 2974 ἀνελεύθερος
862 2921 1213 2972 illiberalis,
1244 2920 1611 2962 inhonestus.

549 3025 667 3067 Ichu.
705 3028 929 3066 143—144
960 3024 1038 3077 (VI
1072 3025 1255 3077 11—12)
1292 3021 1461 3076 ἄνευρα
1503 3019 1787 3078 κοῖκόμιστ[α]
1820 3019 2116 3075 adast-&Mtte—

552 3120 606 3156 ρα
624 3104 627 3159 J
645 3103 974 3150 διακονοῦντες,

550 3207 644 3248 Hoc
676 3206 942 3259 vocabulum,
975 3206 1094 3247 cuius
1124 3205 1358 3247 veterrima
1388 3204 1583 3257 exempla
1612 3203 1853 3257 Aeschylus
1873 3205 1971 3257 (Ag.
1993 3206 2116 3254 1494,
