2358 3782
381 310 426 344 52
998 308 1042 342 L.⁴
1069 308 1112 343 O.
1137 307 1169 343 Τ
1181 318 1219 343 Η.
1244 308 1274 342 Τ
1290 319 1314 343 U
1329 318 1356 343 ι)
1370 318 1395 342 Ε
1411 318 1436 342 Ε
1450 318 1484 343 n.
1923 309 1956 344 B
1970 309 2091 350 XIV„

383 453 605 496 chenschr.
637 456 692 495 33
723 465 764 505 p.
798 453 896 506 580)
928 450 1324 506 νυμφογεννή[των
1367 451 1527 505 φίλων]
1565 451 1835 494 scribendum
1865 464 1960 494 esse
1991 464 2090 494 con·

383 532 497 585 iecit,
530 531 827 584 assentiamur,
861 544 956 574 cum
992 531 1130 574 forma
1170 531 1314 584 aliqua
1338 531 1536 574 vocabuli
1565 533 1924 586 νυμφογέννητος
1944 530 2091 583 utique

382 611 652 654 restituenda
693 611 763 654 sit.
825 611 1050 654 Vocabula
1092 610 1339 664 composita,
1383 623 1562 664 quorum
1604 623 1706 664 pars
1739 610 1956 664 posterior
1985 612 2091 664 -γέν-

384 706 514 746 γητος
554 695 632 745 est,
666 694 810 734 aetate
840 690 1023 734 classica
1051 695 1122 733 sat
1150 703 1251 734 rara
1280 695 1393 733 sunt.
1440 690 1705 733 Vocabulum
1741 687 1978 745 ἀγέννητος
2007 690 2092 743 pri-

383 784 494 814 mum
517 772 629 824 apud
664 771 958 824 Theognidem
991 772 1108 824 (491)
1144 770 1345 823 occurrit,
1377 755 1532 813 deiude
1563 782 1590 812 a
1620 770 1830 823 Sophocle
1860 769 1963 823 (OC.
1995 772 2092 822 973,

383 843 454 894 Tr.
499 853 551 893 61
589 851 651 904 [in
682 851 734 893 fr.
771 855 851 892 776
882 851 1036 893 Nauck
1067 850 1240 893 dubium
1272 839 1340 893 est
1369 854 1511 892 utrum
1543 849 1734 904 ἀγένητα
1775 862 1831 892 an
1871 848 2093 905 ἀγέννητοι

384 931 611 986 legendum
645 930 748 983 sit]),
779 934 930 984 postea
966 931 1020 972 ab
1042 930 1236 974 Isocrate
1268 929 1450 984 aliisque
1481 935 1732 983 usurpatum
1764 933 1852 983 est;
1885 927 2093 983 αὕτογέν·

388 1024 517 1066 νητος
549 1012 661 1064 apud
693 1010 948 1064 Sophoclem
981 1011 1099 1065 (Ant.
1133 1012 1233 1064 864)
1255 1009 1434 1063 primum
1458 1009 1659 1052 occurrit.
1709 1011 1869 1052 Aetate
1899 1009 2096 1053 Romana

384 1091 712 1145 Byzantinaque
746 1091 955 1134 vocabula
985 1090 1028 1133 in
1051 1093 1274 1145 -γέννητος
1291 1090 1496 1133 exeuntia
1516 1090 1688 1143 saepius
1711 1093 1954 1142 occurrunt,
1971 1100 2095 1142 prae·
2141 1109 2145 1116 ·

391 1170 512 1224 cipue
544 1172 654 1224 apud
701 1169 936 1224 scriptores
965 1170 1285 1214 ecclesiasticos
1317 1172 1509 1223 (praeter
1537 1170 1613 1212 illa
1643 1170 1727 1212 iam
1759 1172 1887 1211 antea
1918 1179 2095 1211 comme-

386 1254 554 1293 morata
583 1247 825 1305 οἷγέννητος
855 1254 900 1292 et
930 1249 1260 1306 αιῗτογέννητος
1282 1250 1411 1292 etiam
1434 1251 1738 1304 θεογένμητος,
1755 1250 2093 1303 προσγέννητος,

387 1333 760 1385 πρωτογέννητος,
807 1332 1160 1385 συναγέννητος).
1219 1330 1320 1372 Alia
1360 1334 1460 1372 sunt
1492 1331 1827 1383 νοῦογέννητος,
1858 1328 2097 1383 πορνογὲν-

385 1424 527 1466 νητος.
593 1402 871 1455 Notissimum
903 1416 1044 1454 autem
1075 1415 1143 1454 est
1173 1411 1277 1454 illud
1319 1412 1749 1466 πορφυρογέννητος,
1795 1410 1910 1461 quod
1952 1410 2097 1451 aetate

386 1491 631 1546 Byzantina
681 1492 956 1546 imperatoris
999 1492 1133 1534 filium
1178 1495 1305 1545 patre
1335 1495 1544 1546 regnante
1579 1494 1726 1532 natum
1772 1488 2000 1544 significat.
2041 1511 2097 1519 ——

387 1571 613 1614 Posterior
642 1584 745 1625 pars
793 1571 994 1614 vocabuli
1023 1571 1129 1622 sola,
1161 1571 1384 1626 γεννητός,
1417 1574 1562 1612 aetate
1595 1569 1743 1612 Attica
1774 1568 1953 1621 primum
1982 1567 2098 1621 apud

388 1651 612 1694 Platonem
646 1651 848 1703 occurrit,
882 1651 1036 1694 deinde
1067 1655 1112 1694 et
1141 1652 1222 1694 hac
1253 1654 1399 1693 aetate
1422 1654 1466 1692 et
1486 1649 1750 1703 temporibus
1782 1646 2097 1690 recentioribus

385 1730 429 1772 iu
452 1743 531 1773 usu
547 1731 631 1773 fuit
652 1733 765 1785 apud
786 1731 1022 1784 scriptores
1039 1730 1247 1774 orationis
1265 1730 1492 1784 pedestris.
1515 1754 1572 1759 —
1592 1729 1787 1771 Eandem
1821 1729 1904 1770 vim
1930 1739 2098 1779 νυμφο-

388 1813 595 1865 γέννητος
610 1812 743 1854 habet
765 1822 814 1853 ac
837 1811 1129 1865 νυμφογενῆς,
1162 1812 1274 1864 quod
1304 1811 1415 1863 apud
1439 1810 1645 1852 Alcaeum
1676 1808 1935 1851 Messenium
1949 1806 2096 1860 (Anth.

388 1890 511 1932 Plan.
526 1892 602 1944 8,4)
620 1894 664 1933 et
683 1890 727 1932 in
749 1890 908 1943 libello,
924 1891 996 1943 qui
1017 1890 1267 1934 Aristotelis
1290 1890 1460 1942 dicitur,
1485 1889 1576 1942 „Dc
1599 1888 1866 1931 mirabilibus
1885 1886 2098 1930 ausculta-

387 1970 600 2013 tionibus“
643 1972 971 2025 (133,843B31;
1015 1971 1295 2025 epigramma)
1338 1969 1538 2018 occurrit,
1582 1973 1626 2012 et
1677 1967 1969 2023 νυμφαγενῆς,
2017 1978 2099 2018 quo

388 2051 582 2093 Telestes
616 2049 687 2104 (fr.
722 2054 795 2099 1,5
826 2051 991 2105 Bergk)
1038 2054 1081 2093 et
1112 2049 1331 2103 Euphorio
1376 2049 1443 2103 (fr.
1492 2052 1571 2092 128
1602 2048 1647 2091 in
1678 2046 1838 2090 scholio
1873 2046 2011 2090 Vatic.
2043 2046 2099 2090 ad
2129 2032 2133 2035 ⁵

391 2143 430 2173 v.
463 2135 517 2172 36
540 2130 691 2185 Rhesi)
724 2131 789 2173 usi
821 2135 933 2173 sunt.

390 2238 559 2295 οἶμος
591 2243 697 2296 via,
729 2245 949 2287 semita.

526 2325 644 2367 lehn.
679 2329 760 2368 168
792 2325 894 2379 (VII
928 2327 997 2379 10)
1028 2323 1127 2366 ἀλλ’
1157 2319 1208 2364 εἷ’
1239 2323 1449 2377 [ewam
1481 2307 1685 2377 τριζύγης
1716 2323 1848 2375 οἵμου
1879 2321 2027 2374 βάσιν,

527 2418 790 2460 Vocabulum
838 2418 1065 2471 poeticum,
1109 2417 1228 2461 cuius
1274 2418 1414 2471 prima
1461 2417 1656 2470 exempla
1699 2418 1815 2470 apud
1852 2416 2100 2467 Homerum,

391 2499 454 2549 (A
485 2500 551 2550 24,
598 2497 671 2540 ubi
715 2497 893 2540 fasciam
942 2498 1013 2540 vel
1048 2497 1223 2541 limitem
1261 2497 1489 2552 significat,
1523 2496 1720 2550 qualibus
1751 2497 1908 2539 thorax
1937 2499 2005 2538 est
2034 2507 2100 2538 or-

392 2583 536 2632 natus)
567 2584 611 2621 et
639 2579 684 2621 in
714 2580 886 2633 Hymno
917 2580 962 2622 in
984 2579 1245 2622 Mercurium
1267 2580 1380 2633 (451,
1405 2579 1475 2621 ubi
1496 2577 1610 2629 libri,
1634 2577 1882 2630 Mosquensi
1904 2578 2099 2629 excepto,

393 2653 519 2710 οἶμος
550 2657 705 2713 οἷοιδῆς
747 2659 924 2712 habent)
966 2659 1171 2702 invenies.
1232 2659 1284 2700 In
1330 2671 1409 2701 usu
1443 2658 1527 2700 init
1557 2660 1668 2711 apud
1699 2661 1851 2710 poetas
1882 2669 2014 2710 usque
2045 2657 2100 2700 ad

394 2742 581 2781 aetatem
611 2738 938 2781 Hellenisticam
977 2742 1023 2781 et
1051 2739 1287 2781 Romanam
1331 2738 1449 2781 velut·
1479 2739 1591 2790 apud
1623 2736 1927 2780 Callimachum
1960 2736 2033 2789 (H.
2057 2736 2100 2778 in

394 2817 486 2860 Iov.
529 2819 611 2871 78),
650 2818 981 2872 Lycophronem
1012 2819 1142 2872 (889).
1203 2818 1255 2859 In
1299 2817 1492 2860 oratione
1520 2817 1661 2859 soluta
1692 2820 1760 2859 sat
1789 2828 1935 2859 rarum
1965 2819 2044 2870 est,
2075 2827 2103 2858 a

399 2898 580 2939 Platone
612 2898 756 2951 (Resp.
790 2898 853 2940 IV
884 2901 967 2940 420
998 2898 1052 2952 B)
1083 2902 1226 2940 tamen
1256 2901 1503 2950 usurpatur.

395 3009 545 3065 ὁπλῇ
576 3012 804 3066 ungula.

530 3093 649 3135 Ichn.
685 3096 764 3134 102
796 3092 872 3146 (IV
904 3095 974 3146 23)
1007 3095 1079 3131 καὶ
1109 3089 1392 3147 τούπίσημον
1424 3089 1540 3132 advo*
1570 3091 1665 3133 τῶν
1696 3089 1853 3133 ὁπλῶν
1883 3089 2038 3133 πάλιν.

534 3173 796 3215 Vocabulum
846 3185 1076 3222 commune,
1109 3175 1223 3225 quod
1255 3174 1370 3226 apud
1401 3174 1633 3226 scriptores
1669 3172 1769 3215 inde
1813 3172 1866 3214 ab
1912 3174 2099 3216 Homero

396 3266 528 3306 usque
560 3253 613 3295 ad
645 3256 829 3295 aetatem
863 3254 1097 3296 Romanam
1146 3253 1347 3296 occurrit.
