<?xml version="1.0" encoding="UTF-8"?>
<!DOCTYPE html PUBLIC "-//W3C//DTD XHTML 1.0 Transitional//EN"
    "http://www.w3.org/TR/xhtml1/DTD/xhtml1-transitional.dtd">
<html xmlns="http://www.w3.org/1999/xhtml" xml:lang="en" lang="en">
 <head>
  <title>
</title>
<meta http-equiv="Content-Type" content="text/html;charset=utf-8" />
  <meta name='ocr-system' content='tesseract 3.04.00' />
  <meta name='ocr-capabilities' content='ocr_page ocr_carea ocr_par ocr_line ocrx_word'/>
</head>
<body>
  <div class='ocr_page' id='page_1' title='image "./devocabulisquibu00tudeuoft_0099.png"; bbox 0 0 2358 3782; ppageno 0'>
   <div class='ocr_carea' id='block_1_1' title="bbox 227 308 1950 357">
    <p class='ocr_par' dir='ltr' id='par_1_1' title="bbox 227 308 1950 357">
     <span class='ocr_line' id='line_1_1' title="bbox 227 308 1950 357; baseline -0.005 -7"><span class='ocrx_word' id='word_1_1' title='bbox 227 313 262 350; x_wconf 92' lang='grc' dir='ltr'><strong>Β</strong></span> <span class='ocrx_word' id='word_1_2' title='bbox 275 312 397 357; x_wconf 72' lang='lat' dir='ltr'>XIV,⁴</span> <span class='ocrx_word' id='word_1_3' title='bbox 778 311 840 348; x_wconf 82' lang='lat' dir='ltr'><strong>De</strong></span> <span class='ocrx_word' id='word_1_4' title='bbox 864 310 1067 347; x_wconf 83' lang='lat' dir='ltr'><strong>vocabulis</strong></span> <span class='ocrx_word' id='word_1_5' title='bbox 1092 309 1384 346; x_wconf 81' lang='lat' dir='ltr'><strong>Ichneutarum.</strong></span> <span class='ocrx_word' id='word_1_6' title='bbox 1908 308 1950 343; x_wconf 87' lang='grc'><strong>91</strong></span> 
     </span>
    </p>
   </div>
   <div class='ocr_carea' id='block_1_2' title="bbox 227 451 1954 672">
    <p class='ocr_par' dir='ltr' id='par_1_2' title="bbox 227 451 1954 672">
     <span class='ocr_line' id='line_1_2' title="bbox 229 451 1954 512; baseline -0.003 -11"><span class='ocrx_word' id='word_1_7' title='bbox 229 457 482 512; x_wconf 78' lang='lat' dir='ltr'><strong>Euripidem</strong></span> <span class='ocrx_word' id='word_1_8' title='bbox 513 457 624 511; x_wconf 90' lang='lat' dir='ltr'><strong>(Alc.</strong></span> <span class='ocrx_word' id='word_1_9' title='bbox 660 457 789 510; x_wconf 87' lang='lat'>1035)</span> <span class='ocrx_word' id='word_1_10' title='bbox 819 458 865 499; x_wconf 92' lang='lat' dir='ltr'><strong>et</strong></span> <span class='ocrx_word' id='word_1_11' title='bbox 893 466 1211 509; x_wconf 87' lang='lat' dir='ltr'><strong>nonnumquam</strong></span> <span class='ocrx_word' id='word_1_12' title='bbox 1244 455 1360 508; x_wconf 87' lang='lat' dir='ltr'><strong>apud</strong></span> <span class='ocrx_word' id='word_1_13' title='bbox 1389 453 1626 508; x_wconf 83' lang='lat' dir='ltr'><strong>scriptores</strong></span> <span class='ocrx_word' id='word_1_14' title='bbox 1655 451 1867 497; x_wconf 88' lang='lat' dir='ltr'><strong>orationis</strong></span> <span class='ocrx_word' id='word_1_15' title='bbox 1889 465 1954 496; x_wconf 91' lang='lat' dir='ltr'><strong>so-</strong></span> 
     </span>
     <span class='ocr_line' id='line_1_3' title="bbox 227 532 1954 593; baseline -0.004 -11"><span class='ocrx_word' id='word_1_16' title='bbox 227 537 360 593; x_wconf 80' lang='lat' dir='ltr'><strong>lutae,</strong></span> <span class='ocrx_word' id='word_1_17' title='bbox 404 536 527 582; x_wconf 86' lang='lat' dir='ltr'><strong>velut</strong></span> <span class='ocrx_word' id='word_1_18' title='bbox 571 537 687 591; x_wconf 90' lang='lat' dir='ltr'><strong>apud</strong></span> <span class='ocrx_word' id='word_1_19' title='bbox 718 535 945 579; x_wconf 77' lang='lat' dir='ltr'><strong>Platonem</strong></span> <span class='ocrx_word' id='word_1_20' title='bbox 990 534 1146 590; x_wconf 86' lang='lat' dir='ltr'><strong>(Legg.</strong></span> <span class='ocrx_word' id='word_1_21' title='bbox 1176 534 1246 577; x_wconf 93' lang='lat' dir='ltr'><strong>XI</strong></span> <span class='ocrx_word' id='word_1_22' title='bbox 1276 538 1361 578; x_wconf 89' lang='lat'><strong>934</strong></span> <span class='ocrx_word' id='word_1_23' title='bbox 1391 532 1441 589; x_wconf 80' lang='lat' dir='ltr'><strong>C)</strong></span> <span class='ocrx_word' id='word_1_24' title='bbox 1472 537 1518 578; x_wconf 89' lang='lat' dir='ltr'><strong>et</strong></span> <span class='ocrx_word' id='word_1_25' title='bbox 1545 532 1804 588; x_wconf 86' lang='lat' dir='ltr'><strong>Dionysium</strong></span> <span class='ocrx_word' id='word_1_26' title='bbox 1834 532 1954 575; x_wconf 89' lang='lat' dir='ltr'><strong>Hali-</strong></span> 
     </span>
     <span class='ocr_line' id='line_1_4' title="bbox 231 613 942 672; baseline -0.006 -9"><span class='ocrx_word' id='word_1_27' title='bbox 231 629 509 663; x_wconf 81' lang='lat' dir='ltr'><strong>carnasseum</strong></span> <span class='ocrx_word' id='word_1_28' title='bbox 540 616 605 671; x_wconf 89' lang='grc' dir='ltr'><strong>(ΙΙ</strong></span> <span class='ocrx_word' id='word_1_29' title='bbox 636 617 707 672; x_wconf 90' lang='lat'><strong>71)</strong></span> <span class='ocrx_word' id='word_1_30' title='bbox 737 613 942 660; x_wconf 88' lang='lat' dir='ltr'><strong>occurrit.</strong></span> 
     </span>
    </p>
   </div>
   <div class='ocr_carea' id='block_1_3' title="bbox 231 752 1545 887">
    <p class='ocr_par' dir='ltr' id='par_1_3' title="bbox 231 752 1545 887">
     <span class='ocr_line' id='line_1_5' title="bbox 231 752 1101 808; baseline -0.002 -12"><span class='ocrx_word' id='word_1_31' title='bbox 231 756 491 796; x_wconf 68' lang='grc' dir='ltr'><strong><em>κτέανον</em></strong></span> <span class='ocrx_word' id='word_1_32' title='bbox 520 752 850 808; x_wconf 82' lang='lat' dir='ltr'>possessio,</span> <span class='ocrx_word' id='word_1_33' title='bbox 880 752 1101 795; x_wconf 90' lang='lat' dir='ltr'><strong>bonum.</strong></span> 
     </span>
     <span class='ocr_line' id='line_1_6' title="bbox 368 830 1545 887; baseline -0.005 -10"><span class='ocrx_word' id='word_1_34' title='bbox 368 833 491 878; x_wconf 87' lang='lat' dir='ltr'><strong>Ichn.</strong></span> <span class='ocrx_word' id='word_1_35' title='bbox 523 837 607 877; x_wconf 88' lang='lat'><strong>306</strong></span> <span class='ocrx_word' id='word_1_36' title='bbox 638 832 748 887; x_wconf 88' lang='lat' dir='ltr'><strong>(XII</strong></span> <span class='ocrx_word' id='word_1_37' title='bbox 778 833 851 887; x_wconf 83' lang='lat'><strong>17)</strong></span> <span class='ocrx_word' id='word_1_38' title='bbox 881 835 924 886; x_wconf 91' lang='lat'><strong>].</strong></span> <span class='ocrx_word' id='word_1_39' title='bbox 951 833 1143 874; x_wconf 74' lang='grc' dir='ltr'><strong><em>κτέανον</em></strong></span> <span class='ocrx_word' id='word_1_40' title='bbox 1173 830 1291 886; x_wconf 83' lang='grc' dir='ltr'><strong><em>ησύ[.</em></strong></span> <span class='ocrx_word' id='word_1_41' title='bbox 1315 864 1324 874; x_wconf 93' lang='grc'><strong>.</strong></span> <span class='ocrx_word' id='word_1_42' title='bbox 1347 834 1374 884; x_wconf 88' lang='grc'><strong>.]</strong></span> <span class='ocrx_word' id='word_1_43' title='bbox 1395 864 1403 872; x_wconf 89' lang='grc'><strong>.</strong></span> <span class='ocrx_word' id='word_1_44' title='bbox 1427 833 1545 881; x_wconf 66' lang='lat' dir='ltr'><strong>vim,-</strong></span> 
     </span>
    </p>
   </div>
   <div class='ocr_carea' id='block_1_4' title="bbox 231 933 1961 1555">
    <p class='ocr_par' dir='ltr' id='par_1_4' title="bbox 231 933 1961 1555">
     <span class='ocr_line' id='line_1_7' title="bbox 368 933 1957 990; baseline -0.003 -9"><span class='ocrx_word' id='word_1_45' title='bbox 368 937 467 981; x_wconf 90' lang='lat' dir='ltr'><strong>Hoc</strong></span> <span class='ocrx_word' id='word_1_46' title='bbox 511 935 773 980; x_wconf 88' lang='lat' dir='ltr'><strong>vocabulum</strong></span> <span class='ocrx_word' id='word_1_47' title='bbox 818 935 862 978; x_wconf 89' lang='lat' dir='ltr'><strong>in</strong></span> <span class='ocrx_word' id='word_1_48' title='bbox 892 947 1025 979; x_wconf 85' lang='lat' dir='ltr'><strong>versu</strong></span> <span class='ocrx_word' id='word_1_49' title='bbox 1054 934 1308 978; x_wconf 82' lang='lat' dir='ltr'><strong>hexametro</strong></span> <span class='ocrx_word' id='word_1_50' title='bbox 1339 934 1580 990; x_wconf 88' lang='lat' dir='ltr'><strong>legebatur,</strong></span> <span class='ocrx_word' id='word_1_51' title='bbox 1614 933 1687 988; x_wconf 91' lang='lat' dir='ltr'><strong>qui</strong></span> <span class='ocrx_word' id='word_1_52' title='bbox 1717 933 1760 977; x_wconf 92' lang='lat' dir='ltr'><strong>in</strong></span> <span class='ocrx_word' id='word_1_53' title='bbox 1792 933 1957 978; x_wconf 91' lang='lat' dir='ltr'><strong>scholio</strong></span> 
     </span>
     <span class='ocr_line' id='line_1_8' title="bbox 233 1013 1957 1072; baseline -0.002 -11"><span class='ocrx_word' id='word_1_54' title='bbox 233 1017 418 1072; x_wconf 85' lang='lat' dir='ltr'><strong>quodam</strong></span> <span class='ocrx_word' id='word_1_55' title='bbox 452 1018 509 1060; x_wconf 90' lang='lat' dir='ltr'><strong>ad</strong></span> <span class='ocrx_word' id='word_1_56' title='bbox 539 1016 828 1071; x_wconf 80' lang='lat' dir='ltr'><strong>Sophocleum</strong></span> <span class='ocrx_word' id='word_1_57' title='bbox 860 1015 1123 1070; x_wconf 87' lang='lat' dir='ltr'><strong>Oedipodem</strong></span> <span class='ocrx_word' id='word_1_58' title='bbox 1153 1013 1387 1058; x_wconf 86' lang='lat' dir='ltr'><strong>Coloneum</strong></span> <span class='ocrx_word' id='word_1_59' title='bbox 1418 1016 1537 1069; x_wconf 88' lang='lat'>(378)</span> <span class='ocrx_word' id='word_1_60' title='bbox 1573 1026 1597 1057; x_wconf 89' lang='lat' dir='ltr'><strong>e</strong></span> <span class='ocrx_word' id='word_1_61' title='bbox 1629 1015 1852 1069; x_wconf 82' lang='lat' dir='ltr'><strong>Thamyra</strong></span> <span class='ocrx_word' id='word_1_62' title='bbox 1869 1017 1957 1057; x_wconf 88' lang='lat' dir='ltr'><strong>tra—</strong></span> 
     </span>
     <span class='ocr_line' id='line_1_9' title="bbox 232 1093 1958 1155; baseline -0.002 -13"><span class='ocrx_word' id='word_1_63' title='bbox 232 1096 392 1155; x_wconf 85' lang='lat' dir='ltr'><strong>goedia</strong></span> <span class='ocrx_word' id='word_1_64' title='bbox 421 1097 665 1152; x_wconf 88' lang='lat' dir='ltr'><strong>Sophoclea</strong></span> <span class='ocrx_word' id='word_1_65' title='bbox 697 1096 855 1140; x_wconf 88' lang='lat' dir='ltr'><strong>allatus</strong></span> <span class='ocrx_word' id='word_1_66' title='bbox 884 1099 954 1140; x_wconf 92' lang='lat' dir='ltr'><strong>est</strong></span> <span class='ocrx_word' id='word_1_67' title='bbox 983 1095 1052 1150; x_wconf 77' lang='lat' dir='ltr'><strong>(ir.</strong></span> <span class='ocrx_word' id='word_1_68' title='bbox 1085 1098 1203 1150; x_wconf 82' lang='lat'>221,2</span> <span class='ocrx_word' id='word_1_69' title='bbox 1233 1095 1423 1149; x_wconf 82' lang='lat' dir='ltr'><strong>Nauck);</strong></span> <span class='ocrx_word' id='word_1_70' title='bbox 1455 1094 1541 1139; x_wconf 83' lang='lat' dir='ltr'><strong>viri</strong></span> <span class='ocrx_word' id='word_1_71' title='bbox 1561 1093 1681 1139; x_wconf 84' lang='lat' dir='ltr'><strong>docti</strong></span> <span class='ocrx_word' id='word_1_72' title='bbox 1695 1098 1841 1138; x_wconf 89' lang='lat' dir='ltr'><strong>tamen</strong></span> <span class='ocrx_word' id='word_1_73' title='bbox 1861 1107 1958 1149; x_wconf 90' lang='lat' dir='ltr'><strong>pro—</strong></span> 
     </span>
     <span class='ocr_line' id='line_1_10' title="bbox 233 1174 1955 1232; baseline -0.002 -9"><span class='ocrx_word' id='word_1_74' title='bbox 233 1176 440 1223; x_wconf 85' lang='lat' dir='ltr'><strong>babiliter</strong></span> <span class='ocrx_word' id='word_1_75' title='bbox 468 1178 584 1221; x_wconf 88' lang='lat' dir='ltr'><strong>hunc</strong></span> <span class='ocrx_word' id='word_1_76' title='bbox 617 1189 789 1222; x_wconf 84' lang='lat' dir='ltr'><strong>versum</strong></span> <span class='ocrx_word' id='word_1_77' title='bbox 822 1177 877 1220; x_wconf 90' lang='lat' dir='ltr'><strong>ad</strong></span> <span class='ocrx_word' id='word_1_78' title='bbox 923 1175 1143 1232; x_wconf 84' lang='lat' dir='ltr'><strong>Epigonos</strong></span> <span class='ocrx_word' id='word_1_79' title='bbox 1173 1187 1348 1220; x_wconf 84' lang='lat' dir='ltr'><strong>carmen</strong></span> <span class='ocrx_word' id='word_1_80' title='bbox 1378 1174 1588 1230; x_wconf 81' lang='lat' dir='ltr'><strong>cyclicum</strong></span> <span class='ocrx_word' id='word_1_81' title='bbox 1618 1175 1872 1220; x_wconf 86' lang='lat' dir='ltr'><strong>retulerunt.</strong></span> <span class='ocrx_word' id='word_1_82' title='bbox 1904 1201 1955 1207; x_wconf 96' lang='lat'>—</span> 
     </span>
     <span class='ocr_line' id='line_1_11' title="bbox 231 1255 1960 1313; baseline -0.002 -11"><span class='ocrx_word' id='word_1_83' title='bbox 231 1258 502 1303; x_wconf 83' lang='lat' dir='ltr'><strong>Vocabulum</strong></span> <span class='ocrx_word' id='word_1_84' title='bbox 545 1257 764 1313; x_wconf 88' lang='lat' dir='ltr'><strong>poeticum</strong></span> <span class='ocrx_word' id='word_1_85' title='bbox 804 1259 998 1299; x_wconf 75' lang='grc' dir='ltr'><strong><em>κτέανον</em></strong></span> <span class='ocrx_word' id='word_1_86' title='bbox 1039 1257 1223 1311; x_wconf 90' lang='lat' dir='ltr'><strong>primum</strong></span> <span class='ocrx_word' id='word_1_87' title='bbox 1267 1257 1386 1311; x_wconf 90' lang='lat' dir='ltr'><strong>apud</strong></span> <span class='ocrx_word' id='word_1_88' title='bbox 1414 1256 1683 1311; x_wconf 83' lang='lat' dir='ltr'><strong>Hesychium</strong></span> <span class='ocrx_word' id='word_1_89' title='bbox 1713 1255 1813 1312; x_wconf 92' lang='lat' dir='ltr'><strong>(Op.</strong></span> <span class='ocrx_word' id='word_1_90' title='bbox 1845 1258 1960 1311; x_wconf 88' lang='lat'>315),</span> 
     </span>
     <span class='ocr_line' id='line_1_12' title="bbox 233 1336 1959 1394; baseline -0.003 -10"><span class='ocrx_word' id='word_1_91' title='bbox 233 1339 391 1384; x_wconf 85' lang='lat' dir='ltr'><strong>deinde</strong></span> <span class='ocrx_word' id='word_1_92' title='bbox 421 1340 536 1394; x_wconf 84' lang='lat' dir='ltr'><strong>apud</strong></span> <span class='ocrx_word' id='word_1_93' title='bbox 557 1338 759 1383; x_wconf 86' lang='lat' dir='ltr'><strong>Solonem</strong></span> <span class='ocrx_word' id='word_1_94' title='bbox 790 1338 859 1393; x_wconf 79' lang='lat' dir='ltr'><strong>(fr.</strong></span> <span class='ocrx_word' id='word_1_95' title='bbox 894 1342 973 1393; x_wconf 83' lang='lat'>4,12</span> <span class='ocrx_word' id='word_1_96' title='bbox 1002 1338 1182 1393; x_wconf 88' lang='lat' dir='ltr'><strong>Bergk),</strong></span> <span class='ocrx_word' id='word_1_97' title='bbox 1210 1336 1509 1392; x_wconf 86' lang='lat' dir='ltr'><strong>Theognidem</strong></span> <span class='ocrx_word' id='word_1_98' title='bbox 1538 1338 1959 1391; x_wconf 81' lang='lat'>(956‚1009,1149),</span> 
     </span>
     <span class='ocr_line' id='line_1_13' title="bbox 233 1417 1961 1475; baseline -0.002 -12"><span class='ocrx_word' id='word_1_99' title='bbox 233 1419 471 1464; x_wconf 88' lang='lat' dir='ltr'><strong>Pindarum</strong></span> <span class='ocrx_word' id='word_1_100' title='bbox 509 1420 656 1475; x_wconf 86' lang='lat' dir='ltr'><strong>(Pyth.</strong></span> <span class='ocrx_word' id='word_1_101' title='bbox 692 1420 780 1474; x_wconf 84' lang='lat'>1,2),</span> <span class='ocrx_word' id='word_1_102' title='bbox 811 1421 966 1473; x_wconf 88' lang='lat' dir='ltr'><strong>poetas</strong></span> <span class='ocrx_word' id='word_1_103' title='bbox 995 1417 1189 1473; x_wconf 83' lang='lat' dir='ltr'><strong>tragicos</strong></span> <span class='ocrx_word' id='word_1_104' title='bbox 1220 1417 1423 1461; x_wconf 85' lang='lat' dir='ltr'><strong>occurrit.</strong></span> <span class='ocrx_word' id='word_1_105' title='bbox 1487 1417 1654 1461; x_wconf 80' lang='lat' dir='ltr'><strong>Poetae</strong></span> <span class='ocrx_word' id='word_1_106' title='bbox 1694 1417 1961 1472; x_wconf 80' lang='lat' dir='ltr'><strong>posteriores</strong></span> 
     </span>
     <span class='ocr_line' id='line_1_14' title="bbox 231 1498 1960 1555; baseline -0.002 -10"><span class='ocrx_word' id='word_1_107' title='bbox 231 1513 283 1545; x_wconf 93' lang='lat' dir='ltr'><strong>eo</strong></span> <span class='ocrx_word' id='word_1_108' title='bbox 313 1513 415 1545; x_wconf 91' lang='lat' dir='ltr'><strong>raro</strong></span> <span class='ocrx_word' id='word_1_109' title='bbox 445 1500 514 1545; x_wconf 91' lang='lat' dir='ltr'><strong>usi</strong></span> <span class='ocrx_word' id='word_1_110' title='bbox 543 1503 663 1555; x_wconf 84' lang='lat' dir='ltr'><strong>sunt3</strong></span> <span class='ocrx_word' id='word_1_111' title='bbox 695 1499 813 1543; x_wconf 88' lang='lat' dir='ltr'><strong>nulla</strong></span> <span class='ocrx_word' id='word_1_112' title='bbox 842 1499 888 1543; x_wconf 92' lang='lat' dir='ltr'><strong>in</strong></span> <span class='ocrx_word' id='word_1_113' title='bbox 918 1498 1115 1542; x_wconf 89' lang='lat' dir='ltr'><strong>oratione</strong></span> <span class='ocrx_word' id='word_1_114' title='bbox 1145 1499 1288 1542; x_wconf 92' lang='lat' dir='ltr'><strong>soluta</strong></span> <span class='ocrx_word' id='word_1_115' title='bbox 1317 1498 1517 1553; x_wconf 86' lang='lat' dir='ltr'><strong>exempla</strong></span> <span class='ocrx_word' id='word_1_116' title='bbox 1547 1501 1722 1542; x_wconf 84' lang='lat' dir='ltr'><strong>exstare</strong></span> <span class='ocrx_word' id='word_1_117' title='bbox 1744 1498 1960 1542; x_wconf 85' lang='lat' dir='ltr'><strong>videntur.</strong></span> 
     </span>
    </p>
   </div>
  </div>
 </body>
</html>
