2358 3782
183 285 186 291 '
225 271 231 277 ’
257 282 292 320 Β
308 283 430 326 XIV„
810 284 871 320 De
896 284 1098 321 vocabulis
1128 284 1420 321 Ichneutarum.
1939 286 1984 321 ‘23

247 427 454 483 >corporis
492 441 619 482 quam
650 428 807 472 indolis
838 429 981 472 inesse
1012 429 1197 473 videtur.
1263 425 1443 484 Optime
1468 429 1640 483 quidem
1671 429 1780 472 haec
1809 429 1985 473 nomina

254 522 355 554 cum
386 510 629 554 nominibus
659 510 928 565 Satyrorum,
961 523 1072 564 quae
1103 523 1128 554 a
1161 510 1330 567 virgine
1362 512 1492 554 docta
1522 511 1598 554 Ch.
1621 511 1815 554 Frankel
1848 523 1871 554 e
1912 523 1985 554 va-

251 590 473 635 sculorum
494 590 848 645 inscriptionibus
886 592 1067 635 collecta
1089 596 1190 635 sunt
1226 592 1393 647 (Satyr-
1414 593 1500 634 und
1526 591 1892 635 Bakchennamen
1912 591 1986 634 auf

258 670 592 715 Vasenbildern.
634 672 815 715 Bonnae
849 674 989 727 1912),
1023 677 1279 728 congruunt.

254 795 460 852 ἳ*γυῖο
478 811 503 838 ν
530 799 778 841 membru
798 811 850 841 m.

376 885 379 887 ’
397 877 518 921 Ichn.
551 882 636 921 274
666 879 750 932 (XI
786 881 855 932 11)
888 880 1062 933 [γυίοι]ς
1093 877 1249 935 ἐρείδει
1279 877 1447 928 παιδός
1476 881 1538 928 εἰς
1571 876 1673 935 ἥβης
1703 878 1866 933 ἄκμήν,

397 981 659 1026 Coniectura
674 983 1328 1027 Wilamowitz-Moelleudorffii
1345 984 1498 1038 (Haut,
1525 983 1691 1039 Oxyrh.
1714 985 1820 1038 Pap.
1854 984 1922 1027 IX
1942 997 1984 1038 p.

253 1063 331 1116 80)
350 1062 644 1107 incertissima
670 1067 750 1114 est,
774 1067 916 1106 tamen
946 1067 992 1106 et
1011 1063 1213 1106 lacunam
1243 1064 1352 1107 bene
1382 1065 1532 1118 explet
1560 1068 1605 1107 et
1635 1065 1882 1108 sententiae
1914 1078 1986 1119 op-

256 1141 362 1186 time
383 1143 602 1187 convenit.
635 1144 918 1193 Vocabulum,
936 1144 1056 1187 cuius
1071 1145 1269 1198 exempla
1291 1145 1506 1188 Homerus
1526 1145 1765 1189 veterrima
1787 1146 1984 1199 praebet,

236 1220 472 1279 ‘poeticum
515 1228 597 1276 est,
642 1224 727 1268 etsi
757 1237 783 1268 a
813 1224 1102 1278 scriptoribus
1147 1224 1278 1268 etiam
1319 1226 1530 1269 orationis
1573 1226 1743 1269 solutae
1772 1225 1988 1270 nonnullis

254 1308 512 1358 usurpatum
553 1308 634 1357 est,
678 1317 732 1348 ex
776 1304 932 1358 quibus
967 1305 1262 1358 Hippocrates
1309 1310 1354 1348 et
1398 1306 1575 1359 (aetatis
1618 1306 1855 1360 Romanae)
1887 1306 1985 1349 Plu-

253 1385 435 1428 tarchus
465 1384 770 1438 Lucianusque
803 1384 1052 1428 afferantur.

252 1509 626 1566 δηλοῦσθαι
666 1512 891 1565 timere,
925 1525 1157 1567 pavere.

291 1573 294 1576 ἢ
395 1593 516 1636 Ichn.
552 1597 633 1636 150
664 1593 740 1647 (VI
775 1595 843 1647 18)
875 1593 932 1635 ου)
961 1592 1250 1646 δειλουμένου

395 1685 447 1728 In
478 1697 646 1740 papyro
686 1685 849 1741 legitur
880 1685 960 1727 οὐκ
991 1687 1052 1735 εἰς
1083 1685 1231 1741 φυγήν
1261 1685 1507 1736 κλίνοντος,
1541 1684 1593 1727 οὔ
1626 1685 1985 1740 δυυλ[ο]υμένου,

254 1746 483 1827 adscripta
512 1765 560 1809 in
589 1766 785 1822 margine
818 1766 1101 1810 annotatione
1133 1765 1191 1808 ου’
1210 1765 1498 1820 δειλουμένου
1518 1765 1859 1823 Νίζκανδροςῗ).

396 1845 532 1890 Verbi
575 1845 843 1888 δηλοῦσθαι
889 1847 1088 1901 exempla
1118 1859 1201 1890 non
1232 1847 1317 1907 nisi
1349 1847 1509 1891 aetatis
1539 1847 1808 1896 recentioris,
1841 1850 1987 1891 aetate

189 1938 205 1945 ’·
253 1938 368 1980 quae
405 1926 566 1970 dicitur
610 1927 795 1971 classica
840 1928 1110 1982 posterioris,
1153 1932 1331 1972 exstant
1369 1929 1525 1982 (Macc.
1568 1927 1591 1970 Ι
1636 1931 1736 1983 16,ο,
1768 1929 1986 1972 Diodorus

253 1998 428 2052 Siculus
444 2007 534 2050 XX
548 2012 630 2062 78,ι
668 2007 783 2067 [lect.
816 2008 986 2063 varia]),
1018 2022 1102 2063 qua
1135 2010 1187 2051 de
1210 2022 1342 2052 causa
1372 2010 1494 2052 Hunt
1516 2009 1727 2053 Nicandri
1757 2010 1987 2053 lectionem

257 2069 422 2136 reiecit,
441 2101 570 2142 quam
602 2089 1220 2133 Wilamowitz-Moellendorff
1230 2090 1299 2144 (N.
1317 2091 1473 2133 Jahrb.
1491 2090 1649 2133 XXIX
1678 2104 1719 2145 p.
1750 2093 1884 2146 4531),
1918 2090 1988 2134 cui

254 2168 304 2212 C.
336 2168 507 2213 Robert
534 2170 735 2224 (Hermes
765 2173 819 2212 47
851 2184 891 2225 p.
930 2171 1031 2225 549)
1067 2171 1269 2220 assensit,
1304 2171 1511 2225 praefert,
1551 2184 1645 2214 cum
1677 2171 1760 2214 hoc
1806 2172 1987 2215 verbum

253 2249 520 2293 sententiam
553 2250 769 2294 meliorem
811 2251 1023 2305 praebeat
1044 2263 1172 2304 quam
1214 2252 1405 2304 verbum,
1445 2252 1558 2304 quod
1589 2255 1657 2294 est
1687 2250 1984 2295 δουλοῦσθαι.

255 2329 359 2374 Alia
387 2330 699 2374 eiusdemmodi
729 2332 882 2384 verba,
905 2331 1025 2375 velut
1041 2329 1336 2387 ἄγριοῦσθαι,
1356 2334 1653 2387 γαυροῦσθαι,
1688 2333 1986 2388 θηριοῦσθαι,

253 2394 370 2465 'quae
411 2412 493 2455 hac
535 2415 681 2455 aetate
724 2412 769 2455 in
812 2425 891 2456 usu
923 2417 1062 2466 erant,
1095 2412 1226 2456 etiam
1257 2412 1528 2455 δειλοῦσθαι
1561 2413 1762 2467 usurpari
1792 2414 1986 2468 potuisse

254 2492 529 2536 confirmant.

253 2605 446 2662 δέρμα
476 2608 674 2663 pellis,
707 2609 878 2652 cutis.

395 2688 516 2733 Ichn.
550 2693 631 2733 307
665 2689 773 2743 (ΧΠ
806 2692 906 2744 18).
932 2724 940 2732 .
966 2692 992 2744 .]
1027 2689 1166 2747 «δέρμα
1198 2678 1252 2748 κ’[.
1278 2688 1412 2748 .]στ.[

395 2781 666 2826 Vocabulum
721 2782 933 2826 sermonis
987 2782 1208 2837 cotidiani,
1268 2795 1352 2836 quo
1410 2782 1495 2825 iam
1553 2783 1770 2826 Homerus
1827 2781 1986 2837 (δέρμα

253 2859 426 2917 βόειον)
469 2875 572 2906 usus
603 2867 684 2906 est.
746 2865 874 2918 Apud
906 2863 1140 2918 scriptores
1171 2863 1384 2907 orationis
1415 2863 1583 2907 solutae
1613 2867 1659 2906 et
1689 2865 1802 2917 apud
1833 2867 1986 2918 poetas

255 2941 444 2996 comicos
482 2944 643 2987 aetatis
674 2943 854 2988 Atticae
885 2949 930 2988 et
960 2944 1270 2987 Hellenisticae
1301 2944 1610 2998 Romanaeque
1642 2944 1835 2988 occurrit
1862 2945 1986 2988 item—

253 3035 343 3076 que
375 3023 420 3066 in
450 3023 819 3078 inscriptionibus,
853 3025 973 3068 nulla
993 3029 1137 3068 autem
1169 3026 1282 3079 apud
1302 3028 1458 3079 poetas
1483 3025 1674 3079 tragicos
1695 3025 1895 3079 exempla
1915 3037 1986 3068 ex-

252 3106 378 3147 stant
406 3103 493 3148 nisi
518 3103 564 3147 in
591 3104 752 3148 fabulis
775 3105 981 3160 satyricis
1003 3105 1210 3160 Aeschyli
1241 3105 1537 3161 (Psychagogi
1566 3105 1619 3149 fr.
1652 3110 1771 3155 275,4
1801 3106 1985 3159 Nauck),

255 3183 480 3239 Euripidis
512 3184 648 3240 (Cycl.
681 3189 778 3238 527,
811 3190 911 3236 528)
943 3190 988 3228 et
1017 3187 1101 3229 hac
1132 3185 1304 3239 quidem
1335 3186 1590 3240 Sophoclea.
