2358 3782
414 338 455 373 16
1026 340 1068 375 L.
1096 340 1138 376 O.
1164 340 1245 376 ΤΗ.
1271 341 1509 378 TUDEER.
1954 345 2116 388 Bxlv„

410 481 597 526 moribus
620 484 828 536 adaptata
840 488 918 526 est.
965 483 1275 537 Interpretatio
1299 497 1394 528 mea
1413 486 1589 539 propius
1610 486 1777 530 accedit-
1797 489 1852 530 ad
1873 489 2115 544 Vollgraffii

408 562 667 605 sententiam
697 564 774 605 sed
805 563 941 618 magis
972 563 1016 606 vi
1049 563 1248 607 vocabuli
1278 565 1424 618 θυμός
1453 565 1711 620 primigenia
1742 551 1869 620 quam
1900 568 2116 623 significa-

408 641 525 684 tione
554 642 675 684 verbi
707 643 953 695 θυμαίνειν
982 643 1147 686 nititur.

409 763 810 819 *ἀπόπροθεν
852 769 1071 822 procul,
1104 770 1336 812 eminus

544 847 662 890 Ichn.
696 852 721 889 3
753 848 791 901 (Ι
823 850 865 902 3)
899 882 941 891 ..
967 884 975 892 .
999 849 1320 908 α’]πόπροθεν[.
1343 849 1352 892 ‘.
1378 885 1386 899 ,

547 950 808 993 Vocabulum
840 951 925 994 iam
956 952 1000 995 in
1031 965 1227 996 sermone
1249 952 1477 996 Homerico
1500 955 1690 997 occurrit
1710 958 1755 997 et
1773 959 1927 1008 postea
1948 966 2115 1009 quoque

406 1033 559 1082 poetae
591 1030 701 1083 epici
732 1043 782 1073 eo
813 1031 880 1074 usi
917 1035 1031 1084 sunt,
1067 1032 1170 1075 alibi
1201 1031 1374 1085 parcius
1403 1032 1625 1076 invenitur
1669 1034 1789 1077 velut
1819 1036 1934 1088 apud
1963 1034 2113 1078 Archi-

406 1108 574 1151 lochum
606 1108 674 1163 (fr.
707 1114 797 1163 25,4
827 1111 1003 1165 Bergk),
1047 1112 1338 1166 Theognidem
1385 1113 1514 1166 (595).
1568 1113 1696 1166 Apud
1730 1117 1882 1167 poetas
1921 1114 2115 1170 tragicos

406 1200 490 1231 non
512 1185 703 1232 occurrit
724 1190 807 1233 nisi
838 1192 917 1234 hoc
946 1192 1040 1235 loco
1073 1192 1328 1245 Sophocleo.

408 1312 891 1370 *οἷπορρυπαίνει
911 1330 933 1354 ν
993 1315 1166 1358 valde
1215 1315 1542 1371 inquinare,
1592 1318 1916 1372 ignominia
1973 1317 2115 1361 affi-

544 1407 687 1437 cere

540 1474 659 1517 Ichn.
695 1479 774 1518 153
807 1474 883 1529 (VI
914 1476 985 1529 21)
1030 1474 1057 1514 ἃ
1090 1475 1174 1516 νῦν
1206 1474 1286 1530 ὑφ’
1319 1475 1448 1527 ὑμῶν
1479 1475 1664 1530 lotape&
1699 1476 2113 1534 α’]πορρυπαὶνεται

541 1563 665 1614 ἅπαξ
696 1567 942 1620 εἰρημένον.
989 1566 1159 1608 Littera
1181 1566 1321 1619 prima
1342 1566 1559 1610 exstincta
1580 1568 1835 1611 vocabulum
1867 1572 1912 1611 et
1940 1566 2114 1626 [οἷ]πορ·

404 1649 686 1699 ρυπαίνεται,
730 1650 778 1688 ut
808 1645 1423 1690 Wilamowitz-Moellendorff
1448 1647 1518 1701 (N.
1549 1647 1702 1691 Jahrb.
1734 1648 1891 1691 XXIX
1919 1662 1962 1702 p.
1992 1650 2113 1699 4591)

403 1728 540 1779 putat,
556 1730 600 1767 et
624 1724 1071 1782 [zae‘jnoqpmcm'vewc,
1087 1728 1200 1780 quod
1227 1728 1389 1770 Huntio
1423 1727 1602 1780 aliisque
1635 1728 1773 1784 magis
1793 1729 1970 1783 placuit,
1990 1728 2113 1772 resti-

309 1851 317 1858 ,
403 1805 466 1847 tui
493 1809 650 1858 potest.
697 1806 835 1849 Ambo
858 1807 994 1850 verba
1026 1807 1265 1860 composita
1294 1820 1408 1851 nova
1438 1811 1551 1851 sunt.
1597 1808 1643 1851 Si
1673 1810 1728 1851 ad
1758 1822 1913 1852 nexum
1943 1812 2112 1852 senten-

402 1884 561 1927 tiarum
605 1889 863 1938 spectamus,
910 1885 1202 1929 confitendum
1249 1890 1316 1929 est
1357 1891 1583 1940 utrumque
1627 1887 1667 1930 ei
1707 1888 1817 1931 bene
1860 1890 2113 1942 adaptatum

403 1976 510 2015 esse,
557 1966 633 2007 sed
675 1978 769 2007 cum
819 1964 1182 2019 ιΐπυρρυπαίνειν
1226 1967 1436 2010 vocabulo
1467 1967 1659 2021 simplice
1693 1967 1933 2027 ῥυπαίνειν
1961 1968 2111 2022 lenius,

403 2043 767 2099 οἷπορρυπαίνειν
813 2049 955 2088 autem
1000 2045 1317 2100 significatione
1363 2046 1540 2101 gravius
1570 2050 1650 2095 est,
1682 2046 1783 2089 mihi
1816 2047 1988 2100 quidem
2017 2048 2111 2102 hoc,

404 2124 766 2178 οἷπορρυπαίνειν
798 2125 906 2178 dico,
941 2125 1076 2180 magis
1108 2126 1266 2179 placet.

539 2203 726 2246 Verbum
765 2205 947 2258 simplex
979 2204 1218 2260 ῥυπαίνειν
1251 2205 1431 2259 primum
1463 2207 1576 2260 apud
1606 2207 1933 2260 Xenophontem
1964 2207 2109 2260 (Resp.

401 2284 504 2327 Lac.
524 2289 620 2336 11,³;
639 2284 837 2339 medium)
853 2285 1053 2338 occurrit,
1070 2285 1224 2328 deinde
1246 2290 1290 2328 et
1313 2289 1456 2328 aetate
1471 2286 1621 2329 Attica
1642 2290 1686 2329 et
1714 2287 1999 2330 Hellenistica
2029 2287 2112 2330 Ro-

401 2376 613 2417 manaque
635 2366 747 2418 apud
769 2364 1003 2418 scriptores
1020 2367 1261 2418 pedestres.
1306 2365 1465 2409 Sensus
1482 2366 1593 2409 idem
1609 2366 1861 2419 tralatitius,
1879 2379 2001 2420 quem
2028 2369 2111 2410 hoc

400 2443 494 2486 loco
527 2444 761 2497 Sophocleo
795 2445 973 2487 verbum
1005 2445 1284 2498 compositum
1316 2458 1422 2499 prae
1443 2458 1488 2488 se
1508 2445 1607 2499 fert,
1631 2447 1685 2489 ab
1707 2446 1945 2490 Aristotele
1965 2447 2109 2501 (Rhet.

400 2522 522 2575 1112,
540 2526 648 2566 1405
667 2525 706 2566 A
721 2526 805 2578 25),
822 2537 847 2567 a
868 2525 1078 2579 Dionysio
1095 2525 1432 2568 Halicarnasseo
1447 2526 1529 2579 (De
1542 2526 1652 2569 Isoc.
1670 2531 1735 2580 18,
1750 2527 1852 2569 Ant.
1870 2527 1972 2580 11‚⁵)
1995 2526 2110 2570 aliis-

402 2615 483 2655 que
514 2599 847 2658 verbo'simplici
864 2604 1075 2647 subicitur
1104 2606 1363 2658 (Miinscher,
1389 2605 1541 2648 Rhein.
1572 2606 1615 2648 M
1622 2619 1765 2649 useum
1790 2610 1842 2649 69
1863 2619 1904 2660 p.
1927 2608 2110 2660 181).—
2174 2625 2177 2627 ·

401 2680 553 2737 ῥύπος,
584 2685 695 2726 unde
725 2685 832 2727 haec
864 2684 1062 2727 derivata
1093 2689 1207 2738 sunt,
1238 2684 1323 2727 iani
1357 2690 1455 2728 ante
1499 2690 1685 2729 aetatem
1729 2685 1953 2739 Sophoclis
1995 2687 2109 2739 apud

401 2761 633 2805 Homerum
681 2764 721 2816 (ζ
748 2766 819 2817 93)
866 2764 1066 2814 occurrit,
1115 2768 1160 2807 et
1203 2769 1356 2818 postea
1397 2768 1441 2807 et
1482 2765 1526 2807 in
1564 2778 1756 2808 sermone
1788 2766 1959 2818 poetico
1992 2769 2036 2808 et
2065 2765 2109 2808 in

401 2842 591 2894 pedestri
623 2847 872 2896 usurpatum
904 2847 984 2886 est.

401 2955 752 3012 α’πόψηκτος
795 2958 1084 3009 detersus,
1115 2959 1464 3012 perpolitus,
1498 2959 1767 3002 callidus.

536 3035 652 3078 Ichn.
686 3040 912 3079 362—364
943 3037 1067 3091 (XIV
1084 3042 1268 3092 20—22)
1289 3038 1466 3094 ὁποίΙαν
1486 3038 1630 3087 θέλεις
1648 3039 1779 3091 βάξιν
1799 3035 1962 3091 εὕρισκ’
1983 3037 2108 3094 ἀπόξ-

540 3122 726 3170 ψηκτον·
864 3108 869 3114 ’

537 3203 661 3253 ἅπαξ
692 3207 947 3260 ἐἰρημένον.
1010 3208 1076 3250 Ab
1113 3207 1376 3262 οἷποψῆχειν
1407 3209 1659 3257 derivatum.
1693 3210 1807 3261 quod
1838 3209 2007 3262 quidem
2038 3212 2108 3252 sat
