2358 3782
237 307 406 350 Exim
798 308 858 344 De
890 307 1093 344 vocabulis
1119 307 1411 343 Ichneutarum.
1920 308 1965 344 59

245 455 494 508 πνίγειν
524 453 850 506 suffocare,
883 453 1285 508 strangulare.

357 525 498 577 lehn.
531 539 615 577 393
646 535 747 588 (XV
778 535 851 589 21)
884 532 967 590 ἤδη
996 548 1051 587 με
1079 535 1287 587 πν[ί]γεις
1317 536 1391 574 καὶ
1425 532 1483 574 σιῗ
1514 535 1610 587 χα[ἰ
1639 533 1738 587 βόες
1769 535 1917 576 σέθεν.

377 637 472 681 Hoc
513 639 769 681 vocabulum
802 637 1012 681 sermonis
1044 637 1265 692 cotidiani,
1298 637 1419 681 cuius
1449 637 1692 691 exemplum
1724 637 1966 691 Sophocleo

236 720 387 760 nostro
432 718 654 772 aliquanto
700 718 915 762 vetustius
960 717 1250 772 Epicharmus
1295 718 1362 772 (fr.
1414 722 1495 760 155
1540 717 1717 771 Kaibel)
1767 718 1965 772 praebet,

239 798 352 852 apud
384 799 624 852 scriptores
655 799 840 842 comicos
871 798 1093 842 Cratinum
1127 799 1317 854 (Deliad.
1349 798 1401 841 fr.
1428 802 1480 841 27
1503 799 1660 853 Kock),
1696 799 1966 852 Sophronem

236 877 309 932 (fr.
342 882 411 933 68,
444 884 512 934 70,
546 883 600 922 73
631 879 817 934 Kaibel)‚
862 879 1202 933 Aristophanem
1233 879 1362 933 (Nub.
1398 883 1523 932 1036,
1559 884 1682 932 1376,
1715 879 1845 932 Vesp.
1866 880 1966 932 511)

237 958 604 1013 posterioresque,
645 960 801 1003 deinde
833 961 947 1014 apud
979 960 1218 1014 scriptores
1253 960 1465 1003 orationis
1496 960 1667 1003 solutae
1699 958 1858 1003 aetatis
1890 959 1967 1002 At-

236 1037 363 1090 ticae,
381 1039 505 1083 velut
523 1042 636 1094 apud
669 1041 939 1084 Herodotum
972 1042 1097 1095 (2,92),
1129 1040 1462 1094 Xenophontem
1495 1039 1615 1093 (Oec.
1651 1042 1786 1094 17,14)‚
1819 1040 1968 1082 Plato-

236 1131 347 1168 nem,
365 1123 598 1174 aetateque
622 1120 908 1164 Hellenistica
930 1124 975 1164 et
995 1120 1193 1164 Romana
1211 1122 1325 1174 apud
1340 1125 1506 1175 poetas,
1531 1121 1650 1164 velut
1666 1122 1778 1174 apud
1800 1121 1968 1163 Heron-

239 1201 336 1243 dam
379 1201 687 1254 Babriumque,
726 1206 772 1244 et
818 1203 934 1256 apud
964 1201 1201 1257 scriptores
1233 1201 1444 1245 orationis
1475 1202 1645 1245 solutae
1677 1202 1879 1245 occurrit.
1913 1227 1966 1232 —

236 1281 365 1335 Apud
380 1281 649 1325 Herodotum
672 1283 785 1336 (2⁹2)
807 1282 992 1336 primum
1010 1282 1095 1326 vim
1129 1282 1384 1337 assandi,
1419 1295 1528 1336 quae
1557 1282 1820 1338 significatio
1836 1283 1967 1325 etiam

239 1362 355 1415 apud
400 1362 737 1416 Aristophanem
781 1362 933 1419 (Vesp.
967 1366 1068 1418 511)
1099 1368 1143 1406 et
1173 1364 1403 1407 nonnullos
1435 1363 1671 1417 scriptores
1704 1362 1968 1407 recentiores

237 1442 442 1497 occurrit,
475 1456 582 1498 prae
611 1457 659 1488 se
688 1443 787 1487 fert..

234 1615 547 1673 ’πόρδαλις
578 1618 871 1673 pardalis,
903 1620 1137 1672 pardus.
1192 1680 1195 1682 Ι

376 1708 497 1753 Ichn.
529 1714 612 1753 296
646 1710 751 1764 (VII
785 1713 825 1765 7)
857 1710 915 1760 ὠς
946 1708 1178 1767 αἰέλουρος
1209 1710 1388 1752 είκοίσαι
1419 1713 1621 1766 πέφυκεν
1653 1710 1742 1750 εἴθ’
1773 1709 1830 1758 ὠς
1860 1710 1969 1763 πόρ-

376 1788 530 1842 dal-ug,-

380 1894 570 1940 Formae
600 1896 728 1940 huius
759 1896 959 1940 vocabuli
990 1895 1211 1952 πόρδαλις
1241 1901 1287 1940 et
1315 1895 1546 1951 πάρδαλις
1591 1895 1793 1951 primitus
1827 1895 1968 1938 diver-

240 1987 386 2018 sarum
433 1976 718 2021 dialectorum
759 1977 964 2022 videntur
994 1990 1103 2030 esse,
1136 1977 1217 2020 etsi
1249 1977 1522 2041 grammatici
1553 1976 1713 2021 Graeci
1744 1990 1867 2020 usum
1898 1989 1967 2019 ea-

240 2068 336 2107 rum
380 2056 491 2100 alius
537 2057 622 2101 alio
667 2059 793 2102 modo
840 2057 1170 2112 explicaverint.
1231 2057 1465 2112 πόρδαλις,
1499 2059 1614 2111 quod
1642 2057 1823 2112 primum
1857 2058 1968 2111 apud

174 2199 175 2202 Ἰ
239 2136 475 2181 Homerum
498 2139 703 2192 occurrit,
733 2138 874 2182 forma
898 2139 1079 2182 Aeolica
1108 2151 1211 2183 esse
1227 2139 1415 2192 videtur,
1449 2152 1544 2182 cum
1577 2140 1619 2182 in
1651 2139 1839 2182 dialecto
1858 2139 1969 2181 Aeo-

239 2217 327 2262 lica
373 2234 401 2259 α
433 2222 537 2262 ante
578 2219 649 2263 vel
693 2224 793 2274 post
835 2235 859 2275 ρ
892 2233 1022 2274 saepe
1052 2220 1097 2262 in
1130 2235 1152 2260 ο
1186 2219 1345 2263 abierit
1375 2219 1470 2272 (cir.
1503 2220 1619 2274 Hirt,
1651 2219 1896 2262 Handbuch
1928 2220 1966 2261 d.

239 2297 402 2355 griech.
426 2299 560 2343 Laut·
591 2314 631 2343 u.
663 2300 902 2344 Formenl.2
933 2314 972 2355 p.
1006 2305 1074 2356 46,
1106 2301 1288 2354 Thumb,
1324 2301 1565 2344 Handbuch
1597 2302 1636 2343 d.
1669 2299 1833 2356 griech.
1865 2300 1969 2342 Dia-

239 2379 359 2424 lekte
405 2393 444 2434 p.
494 2383 608 2436 255).
669 2381 793 2425 Haec
835 2382 975 2424 forma
1010 2386 1166 2436 postea
1196 2383 1310 2436 apud
1340 2385 1493 2435 poetas
1525 2381 1672 2435 epicos
1704 2381 1825 2423 velut
1856 2382 1968 2435 apud

239 2460 515 2516 Apollonium
564 2460 780 2505 Rhodium
828 2469 873 2505 et
904 2462 1150 2516 Oppianum
1190 2461 1318 2517 (Cyn.
1351 2467 1442 2515 3,ea,
1475 2463 1591 2516 4,327)
1623 2461 1837 2515 occurrit3
1869 2474 1968 2504 num

239 2541 562 2596 Aristophanes
593 2555 646 2586 ea
676 2556 779 2586 usus
810 2543 880 2597 sit,
913 2544 1122 2586 incertum
1157 2548 1237 2596 est,
1271 2556 1363 2586 cum
1398 2543 1495 2585 libri
1527 2542 1690 2596 pluries
1728 2540 1966 2597 πάρδαλις,

241 2622 383 2666 rarius
424 2622 647 2679 πόρδαλις
685 2625 926 2678 praebeant
952 2625 1312 2678 (Kiihner-Blass‚
1357 2624 1533 2668 Griech.
1580 2623 1770 2667 Graium.
1803 2624 1826 2666 I
1853 2626 1896 2666 1³
1928 2636 1967 2677 p.

242 2705 356 2759 639).
417 2704 578 2748 Aetate
625 2705 776 2748 Attica
820 2704 1046 2762 πάρδαλις
1090 2706 1205 2760 apud
1251 2705 1491 2759 scriptores
1537 2703 1748 2747 orationis
1786 2704 1968 2757 solutae,

241 2784 363 2828 velut
408 2786 525 2839 apud
570 2784 902 2840 Xenophontem
935 2789 981 2828 et
1010 2786 1306 2839 Aristotelem,
1340 2784 1530 2828 occurrit
1561 2789 1606 2828 et
1637 2769 1791 2828 deinde
1824 2788 1970 2827 aetate

241 2865 531 2909 Hellenistica
581 2870 627 2910 et
670 2866 869 2909 Romana
910 2879 995 2909 nou
1026 2867 1164 2910 solum
1195 2863 1242 2909 in
1271 2866 1469 2909 oratione
1500 2866 1645 2909 soluta
1675 2867 1751 2909 sed
1781 2865 1912 2908 etiam
1945 2877 1971 2907 a

242 2945 397 3000 poetis,
444 2947 566 2990 velut
611 2959 637 2989 a
667 2947 843 3001 Babri0‚
891 2951 1144 3001 usurpatum
1184 2951 1265 3000 est,
1296 2949 1409 2990 unde
1442 2951 1627 3001 apparet
1671 2946 1875 2990 Photium
1906 2959 1971 2988 er-

242 3026 424 3078 ravisse,
443 3039 538 3070 cum
569 3027 773 3071 dixisset:
807 3026 1029 3084 πόρδαλις
1060 3024 1104 3068 οἷ
1133 3026 1264 3068 ἄλλοι
1289 3025 1508 3084 Ἕλληνες,
1539 3025 1767 3081 πάρδαλις
1800 3023 1844 3067 οἱ
1873 3024 1971 3068 Ἀτ-

242 3110 373 3148 τικοί.
407 3133 462 3138 -
493 3107 820 3152 Observandum
854 3112 922 3152 est
943 3108 1194 3162 Sophoclem
1214 3107 1576 3162 παρδαλήφορον
1597 3107 1667 3162 (fr.
1693 3113 1779 3161 10,2
1803 3108 1971 3160 Nauck)

243 3187 355 3231 sicut
386 3187 516 3231 etiam
548 3189 781 3232 Homerum
815 3188 1048 3245 παρδαλέῃ
1077 3188 1258 3232 formam
1291 3189 1553 3242 adhibuisse,
1586 3191 1659 3232 sed
1684 3202 1769 3232 non
1791 3193 1872 3239 est,
1895 3201 1973 3232 cur
