2358 3782
280 323 450 366 Bxlv„
843 323 902 359 De
928 322 1131 359 vocabulis
1156 322 1447 358 Ichneutarum.
1959 322 2003 357 53

279 467 557 512 ὀπποποῖ
1269 522 1272 527 ¹
1422 528 1425 531 Ι

417 549 536 593 Ichn.
573 552 650 592 191
684 549 811 603 (VIH
843 551 884 601 7)
915 546 1135 593 ὀπποποῖ·
1168 544 1198 589 ἆ
1229 549 1375 604 μιαρέ,
1406 549 1474 602 γε[

420 641 546 692 ἅπαξ
582 645 828 698 εἰρημένον.
877 643 998 686 Haec
1028 641 1290 693 interiectio,
1324 654 1410 695 qua
1441 642 1511 685 vel
1541 646 1694 696 stupor
1716 642 1786 685 vel
1821 641 2006 685 offensio

277 722 373 768 sive
404 724 471 766 ira
501 723 768 778 exprimitur,
792 725 940 767 eodem
964 722 1055 766 fere
1079 723 1203 765 modo
1226 722 1414 765 formata
1435 726 1503 765 est
1533 734 1583 764 ac
1613 721 1773 774 πόποι,
1805 718 1838 762 ὦ
1861 722 2006 763 πόποι

279 806 325 847 et
353 803 513 847 similia
544 803 849 847 communiora.

277 929 644 985 ὀρείτροφος
675 930 731 973 in
763 936 952 974 monte
982 929 1253 973 nutritus
1285 929 1354 973 vel
1388 930 1702 972 educatus.

415 1010 536 1054 Ichn‘.
571 1013 795 1054 151—152
827 1011 907 1065 (VI
943 1015 1110 1054 19—20
1142 1009 1247 1052 ου’δὲ
1281 1010 1480 1065 ψόφοισι
1511 1011 1605 1053 τῶν
1627 1009 1912 1066 ὀρειτρόφων
1934 1012 2007 1061 βο-

414 1091 509 1133 τῶν
525 1092 531 1145 Ι
546 1091 758 1146 [π]τὴσσο
765 1106 881 1146 ντος,

417 1183 645 1239 Vocabufi,
679 1186 800 1230 cuius
830 1187 1069 1242 exemplum
1102 1186 1273 1229 unicum
1304 1187 1528 1240 hucusque
1560 1186 1781 1242 cognitum
1804 1185 2007 1229 scholias-

275 1269 336 1319 ta,
384 1265 458 1320 qui
503 1266 676 1319 dicitur,
722 1267 1026 1321 Lycophronis
1072 1267 1192 1323 (675)
1229 1267 1444 1321 praebuit,
1477 1280 1591 1309 nunc
1624 1266 1757 1310 multo
1788 1267 2006 1311 vetustius

275 1347 516 1400 exemplum
547 1352 592 1390 et
621 1359 675 1390 ex
707 1352 852 1390 aetate
885 1347 1057 1400 quidem
1090 1347 1255 1401 optima
1283 1348 1505 1390 habemus.
1566 1347 1728 1390 Forma
1760 1346 2005 1404 ὀρίτροφος

277 1429 424 1470 aetate
468 1425 679 1480 Romana,
727 1428 846 1470 velut
892 1429 1006 1482 apud
1037 1427 1282 1482 Oppianum
1313 1428 1428 1483 (Hal.
1474 1429 1583 1482 l‚12),
1629 1427 1828 1471 Nonnum
1860 1427 2004 1479 (Dion.

276 1509 406 1562 ὅραι),
429 1507 637 1551 Babrium
670 1510 837 1563 (106‚³),
870 1509 1072 1552 occurrit.
1125 1509 1330 1553 Eiusdem
1354 1509 1528 1565 generis
1561 1513 1663 1552 sunt
1693 1509 2002 1565 ὀρεσίτροφος,

275 1588 397 1632 cuius
434 1575 634 1643 exempla
663 1591 779 1643 apud
810 1590 1043 1633 Homerum
1075 1592 1150 1644 (M
1175 1591 1276 1646 299)
1307 1594 1353 1634 et
1382 1590 1426 1633 in
1458 1591 1633 1645 Hymno
1666 1589 1858 1633 auctoris
1888 1589 2004 1634 inco-

276 1667 388 1726 gniti
406 1667 448 1712 in
467 1669 685 1713 Bacchum
710 1671 860 1722 (Anth.
881 1670 1222 1724 Pa1.1X524,25,
1256 1670 1330 1714 ubi
1357 1675 1503 1714 tamen
1534 1671 1764 1714 lectionem
1794 1670 2005 1714 incertam

275 1748 560 1794 Stadtmffller
589 1751 631 1794 in
664 1749 941 1807 ω’ρείτροφος
972 1751 1174 1806 mutavit)
1206 1755 1395 1799 exstant,
1429 1756 1473 1795 et
1503 1750 1782 1806 ὀρειτρεφής,
1816 1765 1899 1805 quo
1922 1751 2006 1794 Lu-

276 1829 429 1875 cianus
460 1831 603 1886 (Alex.
637 1832 708 1886 48)
740 1836 785 1874 et
815 1831 1146 1886 Tryphiodorus
1179 1833 1298 1887 (193)
1319 1833 1386 1876 usi
1408 1836 1521 1883 sunt,
1546 1836 1590 1875 et
1610 1831 1865 1888 ὄριτρειρής,
1890 1834 2003 1886 quod

273 1911 535 1967 Apollonius
565 1911 763 1955 Rhodius
794 1915 908 1966 (234)
940 1913 1135 1967 praebet,
1169 1913 1314 1956 onmia
1345 1926 1424 1957 usu
1455 1925 1649 1967 perrara.

272 2024 754 2096 ὅρθοψάλακτος
1828 2100 1831 2102 ῃ

412 2119 534 2164 Ichn.
568 2123 795 2164 248—249
827 2120 888 2175 (X
923 2123 1108 2176 12—13)
1138 2121 1237 2174 ἐμοὶ
1269 2121 1370 2175 pist)
1394 2119 1494 2175 οῧ]κ
1517 2120 1730 2175 [οἷρεστόν
1752 2121 1847 2162 ἐστ’
1868 2121 2000 2179 ἔρινΗ

409 2199 779 2257 ὀρθοψάλακτον
804 2202 854 2243 ἐν
886 2202 1165 2258 [λ]όγο[ισ]ιν
1197 2199 1416 2256 [ἱστάναι.

409 2281 514 2337 (P—
537 2286 618 2325 321
643 2282 774 2337 (XIII
794 2283 840 2339 5)
872 2281 1289 2337 ὄ<ρθο>ψοὲλακτὸς
1318 2295 1388 2331 τις
1420 2282 1549 2338 ὀμφὰ
1581 2291 1811 2337 κατοιχνεῖ
1841 2282 2002 2336 τόπου,

410 2363 512 2406 vide
543 2361 936 2419 οἷπροψάλακτος).

411 2453 538 2518 ἅπαξ
567 2457 814 2512 εἰρημένον.
868 2457 981 2512 Quid
1013 2457 1270 2500 vocabulum
1294 2456 1654 2512 ὀρθοψάλακτος
1674 2456 2001 2512 significaverit,

271 2535 474 2580 versibus
516 2540 607 2580 tam
651 2537 860 2580 mutilatis
892 2550 915 2580 e
946 2550 1061 2580 nexu
1106 2538 1418 2581 sententiarum
1464 2538 1663 2581 concludi
1712 2551 1795 2581 non
1840 2542 2000 2592 potest.

271 2614 559 2661 Coniecturae
600 2618 713 2661 enim
758 2618 910 2672 quibus
935 2619 979 2661 in
1010 2618 1161 2672 primis
1194 2619 1376 2674 Murray
1405 2620 1586 2663 lacunas
1617 2619 1794 2681 explere
1822 2623 2002 2663 conatus

272 2699 340 2741 est
386 2697 538 2753 (Hunt,
586 2698 751 2753 Oxyrh.
783 2700 889 2753 Pap.
923 2699 991 2741 IX
1021 2714 1061 2754 p.
1097 2702 1182 2755 79),
1220 2700 1536 2744 incertissimae
1568 2704 1683 2751 sunt,
1715 2700 1799 2743 etsi
1830 2703 2002 2743 senten-

269 2776 376 2822 tiam
406 2778 562 2823 bonam
594 2779 798 2824 efficiant.
840 2807 880 2812 —
918 2781 1169 2824 Directe
1199 2785 1426 2825 tactum
1457 2783 1527 2825 vel
1559 2785 2001 2826 contrectatum

271 2858 522 2915 significare
568 2865 727 2914 potest,
776 2863 890 2914 quod
937 2875 1042 2904 sane
1074 2862 1182 2905 satis
1214 2863 1444 2905 obscurum
1475 2875 1570 2906 esse
1603 2862 1824 2915 videatur;
1855 2863 2001 2917 potius

271 2951 436 2993 sensus,
469 2953 593 2994 quem
610 2941 732 2984 Hunt
752 2941 798 2984 in
820 2942 1018 2985 versione
1042 2942 1216 2997 anglica
1248 2943 1462 2986 vocabulo
1493 2943 1674 2986 shrill
1705 2943 1731 2986 i.
1764 2957 1799 2986 e.
1824 2948 2000 2987 acute

271 3022 714 3078 sonans-protulit,
747 3022 919 3066 admitti
951 3026 1109 3076 potest⁷
1131 3022 1170 3065 si
1191 3024 1446 3067 vocabulum
1482 3023 1743 3078 ψαλοὶσσειν
1774 3024 1886 3067 idem
1908 3023 2000 3066 fere

271 3113 323 3144 ac
356 3101 554 3157 ψάλλειν
584 3103 834 3158 significare
865 3103 1059 3157 potuisse
1092 3103 1368 3147 coniciamus.

272 3214 578 3269 ὄστρακον
610 3217 709 3260 vide
741 3215 1014 3271 ὄστρεον.
