<?xml version="1.0" encoding="UTF-8"?>
<!DOCTYPE html PUBLIC "-//W3C//DTD XHTML 1.0 Transitional//EN"
    "http://www.w3.org/TR/xhtml1/DTD/xhtml1-transitional.dtd">
<html xmlns="http://www.w3.org/1999/xhtml" xml:lang="en" lang="en">
 <head>
  <title>
</title>
<meta http-equiv="Content-Type" content="text/html;charset=utf-8" />
  <meta name='ocr-system' content='tesseract 3.04.00' />
  <meta name='ocr-capabilities' content='ocr_page ocr_carea ocr_par ocr_line ocrx_word'/>
</head>
<body>
  <div class='ocr_page' id='page_1' title='image "./devocabulisquibu00tudeuoft_0016.png"; bbox 0 0 2358 3782; ppageno 0'>
   <div class='ocr_carea' id='block_1_1' title="bbox 394 307 2103 349">
    <p class='ocr_par' dir='ltr' id='par_1_1' title="bbox 394 307 2103 349">
     <span class='ocr_line' id='line_1_1' title="bbox 394 307 2103 349; baseline 0 -4"><span class='ocrx_word' id='word_1_1' title='bbox 394 310 416 345; x_wconf 91' lang='lat'>8</span> <span class='ocrx_word' id='word_1_2' title='bbox 997 308 1218 344; x_wconf 76' lang='lat' dir='ltr'>L.O.T11.</span> <span class='ocrx_word' id='word_1_3' title='bbox 1254 307 1488 345; x_wconf 60' lang='lat' dir='ltr'>&#39;sunum</span> <span class='ocrx_word' id='word_1_4' title='bbox 1935 307 2103 349; x_wconf 70' lang='lat' dir='ltr'><strong>BXIV‚⁴</strong></span> 
     </span>
    </p>
   </div>
   <div class='ocr_carea' id='block_1_2' title="bbox 803 439 1533 667">
    <p class='ocr_par' dir='ltr' id='par_1_2' title="bbox 803 439 1533 667">
     <span class='ocr_line' id='line_1_2' title="bbox 804 439 1319 507; baseline 0.002 -14"><span class='ocrx_word' id='word_1_5' title='bbox 804 453 964 507; x_wconf 79' lang='grc' dir='ltr'><em>κωφᾶν</em></span> <span class='ocrx_word' id='word_1_6' title='bbox 993 477 1051 482; x_wconf 88' lang='grc'><strong>-</strong></span> <span class='ocrx_word' id='word_1_7' title='bbox 1082 439 1319 505; x_wconf 74' lang='lat' dir='ltr'>Oppianus,</span> 
     </span>
     <span class='ocr_line' id='line_1_3' title="bbox 803 531 1360 583; baseline 0.002 -10"><span class='ocrx_word' id='word_1_8' title='bbox 803 531 979 583; x_wconf 84' lang='grc' dir='ltr'><em>συνάμα</em></span> <span class='ocrx_word' id='word_1_9' title='bbox 1009 557 1067 562; x_wconf 86' lang='lat'>—</span> <span class='ocrx_word' id='word_1_10' title='bbox 1095 531 1360 574; x_wconf 76' lang='lat' dir='ltr'>Theocritus.</span> 
     </span>
     <span class='ocr_line' id='line_1_4' title="bbox 804 610 1533 667; baseline 0.001 -15"><span class='ocrx_word' id='word_1_11' title='bbox 804 611 1000 667; x_wconf 67' lang='grc' dir='ltr'><em>ὑστέρως</em></span> <span class='ocrx_word' id='word_1_12' title='bbox 1027 637 1085 641; x_wconf 90' lang='lat'>——</span> <span class='ocrx_word' id='word_1_13' title='bbox 1115 610 1304 654; x_wconf 83' lang='lat' dir='ltr'>Basilius</span> <span class='ocrx_word' id='word_1_14' title='bbox 1334 611 1533 665; x_wconf 85' lang='lat' dir='ltr'>Magnus.</span> 
     </span>
    </p>
   </div>
   <div class='ocr_carea' id='block_1_3' title="bbox 803 695 914 698">
    <p class='ocr_par' dir='ltr' id='par_1_3' title="bbox 803 695 914 698">
     <span class='ocr_line' id='line_1_5' title="bbox 803 695 914 698; baseline 0 0"><span class='ocrx_word' id='word_1_15' title='bbox 803 695 914 698; x_wconf 95' lang='lat' dir='ltr'> </span> 
     </span>
    </p>
   </div>
   <div class='ocr_carea' id='block_1_4' title="bbox 850 725 871 759">
    <p class='ocr_par' dir='ltr' id='par_1_4' title="bbox 850 725 871 759">
     <span class='ocr_line' id='line_1_6' title="bbox 850 725 871 759; baseline 0 0"><span class='ocrx_word' id='word_1_16' title='bbox 850 725 871 759; x_wconf 92' lang='lat'><strong>6</strong></span> 
     </span>
    </p>
   </div>
   <div class='ocr_carea' id='block_1_5' title="bbox 390 872 2104 1794">
    <p class='ocr_par' dir='ltr' id='par_1_5' title="bbox 390 872 2104 1794">
     <span class='ocr_line' id='line_1_7' title="bbox 528 872 2101 928; baseline -0.001 -11"><span class='ocrx_word' id='word_1_17' title='bbox 528 874 760 917; x_wconf 89' lang='lat' dir='ltr'>Vocabulis</span> <span class='ocrx_word' id='word_1_18' title='bbox 804 875 885 917; x_wconf 89' lang='lat' dir='ltr'>hoc</span> <span class='ocrx_word' id='word_1_19' title='bbox 932 876 1056 918; x_wconf 90' lang='lat' dir='ltr'>modo</span> <span class='ocrx_word' id='word_1_20' title='bbox 1101 874 1323 928; x_wconf 81' lang='lat' dir='ltr'>dispositis</span> <span class='ocrx_word' id='word_1_21' title='bbox 1370 874 1497 927; x_wconf 86' lang='lat' dir='ltr'>plane</span> <span class='ocrx_word' id='word_1_22' title='bbox 1529 873 1669 916; x_wconf 84' lang='lat' dir='ltr'>elucet</span> <span class='ocrx_word' id='word_1_23' title='bbox 1699 872 1902 915; x_wconf 86' lang='lat' dir='ltr'>maiorem</span> <span class='ocrx_word' id='word_1_24' title='bbox 1932 876 2101 926; x_wconf 82' lang='lat' dir='ltr'>partem</span> 
     </span>
     <span class='ocr_line' id='line_1_8' title="bbox 391 950 2100 1008; baseline -0.001 -12"><span class='ocrx_word' id='word_1_25' title='bbox 391 967 538 997; x_wconf 86' lang='lat' dir='ltr'>eorum</span> <span class='ocrx_word' id='word_1_26' title='bbox 570 955 683 1008; x_wconf 89' lang='lat' dir='ltr'>apud</span> <span class='ocrx_word' id='word_1_27' title='bbox 714 954 963 1008; x_wconf 87' lang='lat' dir='ltr'>scriptores,</span> <span class='ocrx_word' id='word_1_28' title='bbox 987 955 1058 1007; x_wconf 89' lang='lat' dir='ltr'>qui</span> <span class='ocrx_word' id='word_1_29' title='bbox 1090 958 1191 997; x_wconf 84' lang='lat' dir='ltr'>ante</span> <span class='ocrx_word' id='word_1_30' title='bbox 1211 954 1465 1007; x_wconf 82' lang='lat' dir='ltr'>Sophoclem</span> <span class='ocrx_word' id='word_1_31' title='bbox 1486 953 1735 1004; x_wconf 87' lang='lat' dir='ltr'>floruerunt,</span> <span class='ocrx_word' id='word_1_32' title='bbox 1756 950 1840 994; x_wconf 82' lang='lat' dir='ltr'>iam</span> <span class='ocrx_word' id='word_1_33' title='bbox 1862 964 2100 995; x_wconf 84' lang='lat' dir='ltr'>occurrere.</span> 
     </span>
     <span class='ocr_line' id='line_1_9' title="bbox 394 1031 2101 1087; baseline -0.002 -10"><span class='ocrx_word' id='word_1_34' title='bbox 394 1034 652 1077; x_wconf 87' lang='lat' dir='ltr'>Huiusmodi</span> <span class='ocrx_word' id='word_1_35' title='bbox 683 1038 824 1077; x_wconf 89' lang='lat' dir='ltr'>autem</span> <span class='ocrx_word' id='word_1_36' title='bbox 857 1035 1163 1078; x_wconf 85' lang='lat' dir='ltr'>vocabulorum</span> <span class='ocrx_word' id='word_1_37' title='bbox 1194 1034 1371 1077; x_wconf 89' lang='lat' dir='ltr'>dimidia</span> <span class='ocrx_word' id='word_1_38' title='bbox 1400 1033 1492 1077; x_wconf 77' lang='lat' dir='ltr'>fere</span> <span class='ocrx_word' id='word_1_39' title='bbox 1523 1046 1625 1087; x_wconf 88' lang='lat' dir='ltr'>pars</span> <span class='ocrx_word' id='word_1_40' title='bbox 1655 1033 1741 1075; x_wconf 86' lang='lat' dir='ltr'>iam</span> <span class='ocrx_word' id='word_1_41' title='bbox 1762 1032 1808 1075; x_wconf 91' lang='lat' dir='ltr'>in</span> <span class='ocrx_word' id='word_1_42' title='bbox 1841 1031 2101 1076; x_wconf 83' lang='lat' dir='ltr'>carminibus</span> 
     </span>
     <span class='ocr_line' id='line_1_10' title="bbox 394 1111 2104 1166; baseline -0.001 -10"><span class='ocrx_word' id='word_1_43' title='bbox 394 1113 652 1166; x_wconf 76' lang='lat' dir='ltr'>Homericis,</span> <span class='ocrx_word' id='word_1_44' title='bbox 697 1113 940 1156; x_wconf 88' lang='lat' dir='ltr'>litterarum</span> <span class='ocrx_word' id='word_1_45' title='bbox 989 1114 1255 1157; x_wconf 83' lang='lat' dir='ltr'>Graecarum</span> <span class='ocrx_word' id='word_1_46' title='bbox 1302 1113 1586 1157; x_wconf 80' lang='lat' dir='ltr'>monumentis</span> <span class='ocrx_word' id='word_1_47' title='bbox 1619 1111 1862 1155; x_wconf 86' lang='lat' dir='ltr'>veterrimis</span> <span class='ocrx_word' id='word_1_48' title='bbox 1891 1115 2104 1165; x_wconf 86' lang='lat' dir='ltr'>usurpata</span> 
     </span>
     <span class='ocr_line' id='line_1_11' title="bbox 393 1191 2100 1247; baseline -0.001 -12"><span class='ocrx_word' id='word_1_49' title='bbox 393 1196 473 1235; x_wconf 89' lang='lat' dir='ltr'>est.</span> <span class='ocrx_word' id='word_1_50' title='bbox 534 1193 595 1235; x_wconf 89' lang='lat' dir='ltr'>At</span> <span class='ocrx_word' id='word_1_51' title='bbox 641 1197 793 1235; x_wconf 85' lang='lat' dir='ltr'>contra</span> <span class='ocrx_word' id='word_1_52' title='bbox 837 1206 975 1245; x_wconf 89' lang='lat' dir='ltr'>nonae</span> <span class='ocrx_word' id='word_1_53' title='bbox 1018 1193 1108 1236; x_wconf 73' lang='lat' dir='ltr'>fere</span> <span class='ocrx_word' id='word_1_54' title='bbox 1152 1194 1290 1247; x_wconf 86' lang='lat' dir='ltr'>partis</span> <span class='ocrx_word' id='word_1_55' title='bbox 1332 1193 1527 1246; x_wconf 85' lang='lat' dir='ltr'>exempla</span> <span class='ocrx_word' id='word_1_56' title='bbox 1561 1193 1781 1245; x_wconf 90' lang='lat' dir='ltr'>hucusque</span> <span class='ocrx_word' id='word_1_57' title='bbox 1813 1191 1985 1246; x_wconf 85' lang='lat' dir='ltr'>cognita</span> <span class='ocrx_word' id='word_1_58' title='bbox 2014 1202 2100 1234; x_wconf 86' lang='lat' dir='ltr'>non</span> 
     </span>
     <span class='ocr_line' id='line_1_12' title="bbox 390 1269 2102 1326; baseline -0.001 -11"><span class='ocrx_word' id='word_1_59' title='bbox 390 1272 475 1315; x_wconf 90' lang='lat' dir='ltr'>nisi</span> <span class='ocrx_word' id='word_1_60' title='bbox 525 1273 682 1316; x_wconf 88' lang='lat' dir='ltr'>aetatis</span> <span class='ocrx_word' id='word_1_61' title='bbox 732 1273 988 1316; x_wconf 78' lang='lat' dir='ltr'>recentioris</span> <span class='ocrx_word' id='word_1_62' title='bbox 1019 1273 1341 1326; x_wconf 87' lang='lat' dir='ltr'>Hellenisticae,</span> <span class='ocrx_word' id='word_1_63' title='bbox 1393 1274 1627 1324; x_wconf 88' lang='lat' dir='ltr'>Romanae,</span> <span class='ocrx_word' id='word_1_64' title='bbox 1675 1272 1799 1314; x_wconf 88' lang='lat' dir='ltr'>immo</span> <span class='ocrx_word' id='word_1_65' title='bbox 1829 1269 2102 1326; x_wconf 85' lang='lat' dir='ltr'>Byzantinae</span> 
     </span>
     <span class='ocr_line' id='line_1_13' title="bbox 391 1351 2100 1406; baseline -0.001 -12"><span class='ocrx_word' id='word_1_66' title='bbox 391 1351 626 1406; x_wconf 77' lang='lat' dir='ltr'>scriptores</span> <span class='ocrx_word' id='word_1_67' title='bbox 658 1354 709 1394; x_wconf 90' lang='lat' dir='ltr'>ad</span> <span class='ocrx_word' id='word_1_68' title='bbox 743 1356 930 1395; x_wconf 89' lang='lat' dir='ltr'>aetatem</span> <span class='ocrx_word' id='word_1_69' title='bbox 962 1358 1151 1396; x_wconf 88' lang='lat' dir='ltr'>nostram</span> <span class='ocrx_word' id='word_1_70' title='bbox 1185 1354 1348 1397; x_wconf 83' lang='lat' dir='ltr'>servati</span> <span class='ocrx_word' id='word_1_71' title='bbox 1378 1354 1600 1406; x_wconf 82' lang='lat' dir='ltr'>praebent.</span> <span class='ocrx_word' id='word_1_72' title='bbox 1648 1352 1802 1404; x_wconf 88' lang='lat' dir='ltr'>Itaque</span> <span class='ocrx_word' id='word_1_73' title='bbox 1823 1363 1966 1403; x_wconf 86' lang='lat' dir='ltr'>voces,</span> <span class='ocrx_word' id='word_1_74' title='bbox 1990 1362 2100 1403; x_wconf 80' lang='lat' dir='ltr'>quae</span> 
     </span>
     <span class='ocr_line' id='line_1_14' title="bbox 390 1429 2102 1487; baseline -0.001 -13"><span class='ocrx_word' id='word_1_75' title='bbox 390 1432 611 1485; x_wconf 90' lang='lat' dir='ltr'>hucusque</span> <span class='ocrx_word' id='word_1_76' title='bbox 657 1432 806 1476; x_wconf 72' lang='lat' dir='ltr'>aetati.</span> <span class='ocrx_word' id='word_1_77' title='bbox 833 1433 910 1475; x_wconf 91' lang='lat' dir='ltr'>soli</span> <span class='ocrx_word' id='word_1_78' title='bbox 942 1433 1164 1476; x_wconf 86' lang='lat' dir='ltr'>Romanae</span> <span class='ocrx_word' id='word_1_79' title='bbox 1194 1433 1519 1487; x_wconf 86' lang='lat' dir='ltr'>Byzantinaeve</span> <span class='ocrx_word' id='word_1_80' title='bbox 1551 1445 1576 1474; x_wconf 89' lang='lat' dir='ltr'>a</span> <span class='ocrx_word' id='word_1_81' title='bbox 1607 1432 1713 1474; x_wconf 83' lang='lat' dir='ltr'>viris</span> <span class='ocrx_word' id='word_1_82' title='bbox 1745 1430 1883 1474; x_wconf 88' lang='lat' dir='ltr'>doctis</span> <span class='ocrx_word' id='word_1_83' title='bbox 1913 1429 2102 1473; x_wconf 84' lang='lat' dir='ltr'>tributae</span> 
     </span>
     <span class='ocr_line' id='line_1_15' title="bbox 391 1512 2101 1566; baseline -0.001 -12"><span class='ocrx_word' id='word_1_84' title='bbox 391 1516 503 1561; x_wconf 81' lang='lat' dir='ltr'>sunt,</span> <span class='ocrx_word' id='word_1_85' title='bbox 550 1525 644 1555; x_wconf 92' lang='lat' dir='ltr'>cum</span> <span class='ocrx_word' id='word_1_86' title='bbox 691 1525 737 1555; x_wconf 91' lang='lat' dir='ltr'>re</span> <span class='ocrx_word' id='word_1_87' title='bbox 781 1525 886 1555; x_wconf 85' lang='lat' dir='ltr'>vera</span> <span class='ocrx_word' id='word_1_88' title='bbox 930 1512 1014 1555; x_wconf 88' lang='lat' dir='ltr'>iam</span> <span class='ocrx_word' id='word_1_89' title='bbox 1053 1526 1079 1555; x_wconf 85' lang='lat' dir='ltr'>a</span> <span class='ocrx_word' id='word_1_90' title='bbox 1109 1512 1250 1566; x_wconf 90' lang='lat' dir='ltr'>poetis</span> <span class='ocrx_word' id='word_1_91' title='bbox 1282 1513 1439 1556; x_wconf 86' lang='lat' dir='ltr'>aetatis</span> <span class='ocrx_word' id='word_1_92' title='bbox 1471 1512 1657 1566; x_wconf 83' lang='lat' dir='ltr'>optimae</span> <span class='ocrx_word' id='word_1_93' title='bbox 1689 1514 1920 1564; x_wconf 83' lang='lat' dir='ltr'>usurpatas</span> <span class='ocrx_word' id='word_1_94' title='bbox 1951 1522 2045 1553; x_wconf 86' lang='lat' dir='ltr'>esse</span> <span class='ocrx_word' id='word_1_95' title='bbox 2076 1521 2101 1552; x_wconf 86' lang='lat' dir='ltr'>e</span> 
     </span>
     <span class='ocr_line' id='line_1_16' title="bbox 390 1589 2102 1646; baseline -0.001 -12"><span class='ocrx_word' id='word_1_96' title='bbox 390 1591 647 1646; x_wconf 77' lang='lat' dir='ltr'>fragmentis</span> <span class='ocrx_word' id='word_1_97' title='bbox 685 1593 926 1645; x_wconf 86' lang='lat' dir='ltr'>nuperrime</span> <span class='ocrx_word' id='word_1_98' title='bbox 956 1593 1138 1646; x_wconf 84' lang='lat' dir='ltr'>repertis</span> <span class='ocrx_word' id='word_1_99' title='bbox 1171 1597 1394 1646; x_wconf 84' lang='lat' dir='ltr'>appareat,</span> <span class='ocrx_word' id='word_1_100' title='bbox 1427 1605 1551 1646; x_wconf 88' lang='lat' dir='ltr'>quam</span> <span class='ocrx_word' id='word_1_101' title='bbox 1584 1592 1749 1634; x_wconf 88' lang='lat' dir='ltr'>modice</span> <span class='ocrx_word' id='word_1_102' title='bbox 1779 1591 1925 1643; x_wconf 72' lang='lat' dir='ltr'>vitam,</span> <span class='ocrx_word' id='word_1_103' title='bbox 1957 1594 2007 1632; x_wconf 91' lang='lat' dir='ltr'>ut</span> <span class='ocrx_word' id='word_1_104' title='bbox 2036 1589 2102 1632; x_wconf 86' lang='lat' dir='ltr'>ita</span> 
     </span>
     <span class='ocr_line' id='line_1_17' title="bbox 391 1671 2102 1727; baseline -0.001 -13"><span class='ocrx_word' id='word_1_105' title='bbox 391 1671 544 1722; x_wconf 89' lang='lat' dir='ltr'>dicam,</span> <span class='ocrx_word' id='word_1_106' title='bbox 560 1672 864 1715; x_wconf 88' lang='lat' dir='ltr'>vocabulorum</span> <span class='ocrx_word' id='word_1_107' title='bbox 885 1672 1148 1715; x_wconf 86' lang='lat' dir='ltr'>Graecorum</span> <span class='ocrx_word' id='word_1_108' title='bbox 1170 1672 1386 1727; x_wconf 84' lang='lat' dir='ltr'>cognitam</span> <span class='ocrx_word' id='word_1_109' title='bbox 1407 1673 1654 1724; x_wconf 81' lang='lat' dir='ltr'>habeamus,</span> <span class='ocrx_word' id='word_1_110' title='bbox 1670 1671 1784 1714; x_wconf 84' lang='lat' dir='ltr'>clare</span> <span class='ocrx_word' id='word_1_111' title='bbox 1805 1672 2102 1714; x_wconf 88' lang='lat' dir='ltr'>demonstrare</span> 
     </span>
     <span class='ocr_line' id='line_1_18' title="bbox 390 1751 604 1794; baseline 0 -1"><span class='ocrx_word' id='word_1_112' title='bbox 390 1751 604 1794; x_wconf 85' lang='lat' dir='ltr'>videntur.</span> 
     </span>
    </p>
   </div>
   <div class='ocr_carea' id='block_1_6' title="bbox 1088 1855 1396 1909">
    <p class='ocr_par' dir='ltr' id='par_1_6' title="bbox 1088 1855 1396 1909">
     <span class='ocr_line' id='line_1_19' title="bbox 1088 1855 1396 1881; baseline 0 0"><span class='ocrx_word' id='word_1_113' title='bbox 1088 1855 1112 1881; x_wconf 73' lang='lat' dir='ltr'>&gt;k</span> <span class='ocrx_word' id='word_1_114' title='bbox 1372 1855 1396 1881; x_wconf 74' lang='lat' dir='ltr'>&gt;k</span> 
     </span>
     <span class='ocr_line' id='line_1_20' title="bbox 1230 1883 1254 1909; baseline 0 -6"><span class='ocrx_word' id='word_1_115' title='bbox 1230 1883 1254 1909; x_wconf 74' lang='lat'>&gt;1&lt;</span> 
     </span>
    </p>
   </div>
   <div class='ocr_carea' id='block_1_7' title="bbox 388 2024 2100 2399">
    <p class='ocr_par' dir='ltr' id='par_1_7' title="bbox 388 2024 2100 2399">
     <span class='ocr_line' id='line_1_21' title="bbox 525 2024 2100 2079; baseline 0.001 -12"><span class='ocrx_word' id='word_1_116' title='bbox 525 2026 735 2068; x_wconf 88' lang='lat' dir='ltr'>Naturam</span> <span class='ocrx_word' id='word_1_117' title='bbox 779 2029 824 2068; x_wconf 90' lang='lat' dir='ltr'>et</span> <span class='ocrx_word' id='word_1_118' title='bbox 852 2038 974 2068; x_wconf 90' lang='lat' dir='ltr'>usum</span> <span class='ocrx_word' id='word_1_119' title='bbox 1008 2026 1306 2069; x_wconf 87' lang='lat' dir='ltr'>vocabulorum</span> <span class='ocrx_word' id='word_1_120' title='bbox 1339 2024 1374 2068; x_wconf 85' lang='lat' dir='ltr'>si</span> <span class='ocrx_word' id='word_1_121' title='bbox 1406 2026 1629 2079; x_wconf 86' lang='lat' dir='ltr'>respicias,</span> <span class='ocrx_word' id='word_1_122' title='bbox 1663 2025 1880 2068; x_wconf 88' lang='lat' dir='ltr'>dimidiam</span> <span class='ocrx_word' id='word_1_123' title='bbox 1910 2025 2001 2068; x_wconf 78' lang='lat' dir='ltr'>fere</span> <span class='ocrx_word' id='word_1_124' title='bbox 2031 2037 2100 2068; x_wconf 93' lang='lat' dir='ltr'>eo-</span> 
     </span>
     <span class='ocr_line' id='line_1_22' title="bbox 392 2105 2096 2160; baseline 0 -13"><span class='ocrx_word' id='word_1_125' title='bbox 392 2118 483 2147; x_wconf 89' lang='lat' dir='ltr'>rum</span> <span class='ocrx_word' id='word_1_126' title='bbox 516 2109 681 2159; x_wconf 85' lang='lat' dir='ltr'>partem</span> <span class='ocrx_word' id='word_1_127' title='bbox 715 2106 896 2148; x_wconf 88' lang='lat' dir='ltr'>colorem</span> <span class='ocrx_word' id='word_1_128' title='bbox 929 2105 1143 2159; x_wconf 91' lang='lat' dir='ltr'>poeticum</span> <span class='ocrx_word' id='word_1_129' title='bbox 1175 2107 1246 2148; x_wconf 85' lang='lat' dir='ltr'>vel</span> <span class='ocrx_word' id='word_1_130' title='bbox 1277 2107 1446 2149; x_wconf 90' lang='lat' dir='ltr'>omnino</span> <span class='ocrx_word' id='word_1_131' title='bbox 1478 2106 1650 2149; x_wconf 90' lang='lat' dir='ltr'>elatiori</span> <span class='ocrx_word' id='word_1_132' title='bbox 1671 2106 1855 2149; x_wconf 91' lang='lat' dir='ltr'>sermoni</span> <span class='ocrx_word' id='word_1_133' title='bbox 1877 2105 2096 2160; x_wconf 87' lang='lat' dir='ltr'>proprium</span> 
     </span>
     <span class='ocr_line' id='line_1_23' title="bbox 388 2185 2099 2240; baseline 0.001 -13"><span class='ocrx_word' id='word_1_134' title='bbox 388 2197 492 2238; x_wconf 91' lang='lat' dir='ltr'>prae</span> <span class='ocrx_word' id='word_1_135' title='bbox 539 2198 585 2228; x_wconf 88' lang='lat' dir='ltr'>se</span> <span class='ocrx_word' id='word_1_136' title='bbox 630 2185 756 2239; x_wconf 75' lang='lat' dir='ltr'>ferre,</span> <span class='ocrx_word' id='word_1_137' title='bbox 804 2186 983 2228; x_wconf 86' lang='lat' dir='ltr'>alteram</span> <span class='ocrx_word' id='word_1_138' title='bbox 1030 2187 1085 2228; x_wconf 89' lang='lat' dir='ltr'>ad</span> <span class='ocrx_word' id='word_1_139' title='bbox 1123 2198 1362 2229; x_wconf 91' lang='lat' dir='ltr'>sermonem</span> <span class='ocrx_word' id='word_1_140' title='bbox 1395 2186 1656 2229; x_wconf 90' lang='lat' dir='ltr'>cotidianum</span> <span class='ocrx_word' id='word_1_141' title='bbox 1687 2186 1862 2240; x_wconf 88' lang='lat' dir='ltr'>propius</span> <span class='ocrx_word' id='word_1_142' title='bbox 1892 2186 2099 2228; x_wconf 85' lang='lat' dir='ltr'>accedere</span> 
     </span>
     <span class='ocr_line' id='line_1_24' title="bbox 389 2263 2098 2319; baseline 0.001 -13"><span class='ocrx_word' id='word_1_143' title='bbox 389 2263 518 2307; x_wconf 89' lang='lat' dir='ltr'>facile</span> <span class='ocrx_word' id='word_1_144' title='bbox 550 2264 730 2307; x_wconf 86' lang='lat' dir='ltr'>videbis.</span> <span class='ocrx_word' id='word_1_145' title='bbox 792 2265 957 2306; x_wconf 88' lang='lat' dir='ltr'>Horum</span> <span class='ocrx_word' id='word_1_146' title='bbox 989 2269 1128 2307; x_wconf 87' lang='lat' dir='ltr'>autem</span> <span class='ocrx_word' id='word_1_147' title='bbox 1160 2266 1364 2308; x_wconf 88' lang='lat' dir='ltr'>nonnulla</span> <span class='ocrx_word' id='word_1_148' title='bbox 1394 2265 1521 2308; x_wconf 85' lang='lat' dir='ltr'>etiam</span> <span class='ocrx_word' id='word_1_149' title='bbox 1546 2278 1572 2308; x_wconf 86' lang='lat' dir='ltr'>a</span> <span class='ocrx_word' id='word_1_150' title='bbox 1594 2265 1732 2319; x_wconf 87' lang='lat' dir='ltr'>poetis</span> <span class='ocrx_word' id='word_1_151' title='bbox 1755 2269 1963 2319; x_wconf 88' lang='lat' dir='ltr'>usurpata</span> <span class='ocrx_word' id='word_1_152' title='bbox 1984 2268 2098 2316; x_wconf 87' lang='lat' dir='ltr'>sunt,</span> 
     </span>
     <span class='ocr_line' id='line_1_25' title="bbox 389 2344 2096 2399; baseline 0.001 -13"><span class='ocrx_word' id='word_1_153' title='bbox 389 2344 620 2397; x_wconf 84' lang='lat' dir='ltr'>praecipue</span> <span class='ocrx_word' id='word_1_154' title='bbox 644 2357 670 2386; x_wconf 91' lang='lat' dir='ltr'>a</span> <span class='ocrx_word' id='word_1_155' title='bbox 698 2345 838 2397; x_wconf 86' lang='lat' dir='ltr'>poetis</span> <span class='ocrx_word' id='word_1_156' title='bbox 869 2344 1053 2396; x_wconf 90' lang='lat' dir='ltr'>comicis,</span> <span class='ocrx_word' id='word_1_157' title='bbox 1085 2345 1168 2387; x_wconf 85' lang='lat' dir='ltr'>etsi</span> <span class='ocrx_word' id='word_1_158' title='bbox 1199 2345 1252 2388; x_wconf 89' lang='lat' dir='ltr'>iis</span> <span class='ocrx_word' id='word_1_159' title='bbox 1282 2345 1368 2387; x_wconf 89' lang='lat' dir='ltr'>vim</span> <span class='ocrx_word' id='word_1_160' title='bbox 1401 2345 1603 2388; x_wconf 89' lang='lat' dir='ltr'>comicam</span> <span class='ocrx_word' id='word_1_161' title='bbox 1635 2345 1776 2388; x_wconf 85' lang='lat' dir='ltr'>inesse</span> <span class='ocrx_word' id='word_1_162' title='bbox 1797 2357 1883 2387; x_wconf 92' lang='lat' dir='ltr'>non</span> <span class='ocrx_word' id='word_1_163' title='bbox 1903 2347 2096 2399; x_wconf 88' lang='lat' dir='ltr'>apparet.</span> 
     </span>
    </p>
   </div>
   <div class='ocr_carea' id='block_1_8' title="bbox 387 2503 2158 3196">
    <p class='ocr_par' dir='ltr' id='par_1_8' title="bbox 387 2503 2158 3196">
     <span class='ocr_line' id='line_1_26' title="bbox 527 2503 2097 2558; baseline 0 -12"><span class='ocrx_word' id='word_1_164' title='bbox 527 2504 595 2546; x_wconf 86' lang='lat' dir='ltr'>Ex</span> <span class='ocrx_word' id='word_1_165' title='bbox 624 2503 692 2556; x_wconf 82' lang='lat' dir='ltr'>iis,</span> <span class='ocrx_word' id='word_1_166' title='bbox 725 2517 835 2556; x_wconf 87' lang='lat' dir='ltr'>quae</span> <span class='ocrx_word' id='word_1_167' title='bbox 857 2517 988 2558; x_wconf 88' lang='lat' dir='ltr'>supra</span> <span class='ocrx_word' id='word_1_168' title='bbox 1018 2505 1210 2558; x_wconf 85' lang='lat' dir='ltr'>exposui,</span> <span class='ocrx_word' id='word_1_169' title='bbox 1244 2505 1327 2547; x_wconf 90' lang='lat' dir='ltr'>etsi</span> <span class='ocrx_word' id='word_1_170' title='bbox 1357 2505 1509 2548; x_wconf 89' lang='lat' dir='ltr'>brevia</span> <span class='ocrx_word' id='word_1_171' title='bbox 1540 2509 1653 2558; x_wconf 90' lang='lat' dir='ltr'>sunt,</span> <span class='ocrx_word' id='word_1_172' title='bbox 1685 2504 1793 2548; x_wconf 88' lang='lat' dir='ltr'>satis</span> <span class='ocrx_word' id='word_1_173' title='bbox 1826 2509 1968 2547; x_wconf 88' lang='lat' dir='ltr'>tamen</span> <span class='ocrx_word' id='word_1_174' title='bbox 1992 2503 2097 2546; x_wconf 91' lang='lat' dir='ltr'>dilu-</span> 
     </span>
     <span class='ocr_line' id='line_1_27' title="bbox 390 2583 2158 2639; baseline 0 -13"><span class='ocrx_word' id='word_1_175' title='bbox 390 2583 482 2626; x_wconf 89' lang='lat' dir='ltr'>cide</span> <span class='ocrx_word' id='word_1_176' title='bbox 529 2596 740 2637; x_wconf 87' lang='lat' dir='ltr'>apparere</span> <span class='ocrx_word' id='word_1_177' title='bbox 786 2586 912 2627; x_wconf 89' lang='lat' dir='ltr'>credo</span> <span class='ocrx_word' id='word_1_178' title='bbox 957 2589 1076 2627; x_wconf 87' lang='lat' dir='ltr'>recte</span> <span class='ocrx_word' id='word_1_179' title='bbox 1118 2585 1324 2628; x_wconf 88' lang='lat' dir='ltr'>Huntium</span> <span class='ocrx_word' id='word_1_180' title='bbox 1371 2585 1646 2639; x_wconf 88' lang='lat' dir='ltr'>iudicavisse,</span> <span class='ocrx_word' id='word_1_181' title='bbox 1687 2597 1782 2628; x_wconf 89' lang='lat' dir='ltr'>cum</span> <span class='ocrx_word' id='word_1_182' title='bbox 1813 2597 1905 2627; x_wconf 90' lang='lat' dir='ltr'>eum</span> <span class='ocrx_word' id='word_1_183' title='bbox 1937 2595 2097 2627; x_wconf 91' lang='lat' dir='ltr'>sermo-</span> <span class='ocrx_word' id='word_1_184' title='bbox 2155 2594 2158 2596; x_wconf 89' lang='grc'><em>·</em></span> 
     </span>
     <span class='ocr_line' id='line_1_28' title="bbox 388 2662 2096 2718; baseline 0.001 -14"><span class='ocrx_word' id='word_1_185' title='bbox 388 2675 496 2716; x_wconf 87' lang='lat' dir='ltr'>nem,</span> <span class='ocrx_word' id='word_1_186' title='bbox 521 2675 602 2716; x_wconf 91' lang='lat' dir='ltr'>quo</span> <span class='ocrx_word' id='word_1_187' title='bbox 624 2662 856 2716; x_wconf 88' lang='lat' dir='ltr'>Sophocles</span> <span class='ocrx_word' id='word_1_188' title='bbox 876 2663 919 2705; x_wconf 88' lang='lat' dir='ltr'>in</span> <span class='ocrx_word' id='word_1_189' title='bbox 944 2663 1090 2706; x_wconf 80' lang='lat' dir='ltr'>fabula</span> <span class='ocrx_word' id='word_1_190' title='bbox 1118 2664 1194 2706; x_wconf 86' lang='lat' dir='ltr'>illa</span> <span class='ocrx_word' id='word_1_191' title='bbox 1224 2663 1418 2718; x_wconf 86' lang='lat' dir='ltr'>satyrica</span> <span class='ocrx_word' id='word_1_192' title='bbox 1447 2664 1759 2707; x_wconf 89' lang='lat' dir='ltr'>conscribenda</span> <span class='ocrx_word' id='word_1_193' title='bbox 1788 2675 1891 2706; x_wconf 91' lang='lat' dir='ltr'>usus</span> <span class='ocrx_word' id='word_1_194' title='bbox 1920 2667 2000 2715; x_wconf 89' lang='lat' dir='ltr'>est,</span> <span class='ocrx_word' id='word_1_195' title='bbox 2022 2662 2096 2706; x_wconf 92' lang='lat' dir='ltr'>mi-</span> 
     </span>
     <span class='ocr_line' id='line_1_29' title="bbox 387 2742 2096 2799; baseline 0 -14"><span class='ocrx_word' id='word_1_196' title='bbox 387 2742 499 2785; x_wconf 91' lang='lat' dir='ltr'>nime</span> <span class='ocrx_word' id='word_1_197' title='bbox 517 2743 571 2785; x_wconf 89' lang='lat' dir='ltr'>ab</span> <span class='ocrx_word' id='word_1_198' title='bbox 594 2755 672 2785; x_wconf 88' lang='lat' dir='ltr'>usu</span> <span class='ocrx_word' id='word_1_199' title='bbox 694 2743 860 2796; x_wconf 90' lang='lat' dir='ltr'>poetico</span> <span class='ocrx_word' id='word_1_200' title='bbox 883 2748 926 2786; x_wconf 83' lang='lat' dir='ltr'>et</span> <span class='ocrx_word' id='word_1_201' title='bbox 950 2743 993 2785; x_wconf 90' lang='lat' dir='ltr'>in</span> <span class='ocrx_word' id='word_1_202' title='bbox 1015 2743 1163 2796; x_wconf 89' lang='lat' dir='ltr'>primis</span> <span class='ocrx_word' id='word_1_203' title='bbox 1185 2745 1352 2799; x_wconf 83' lang='lat' dir='ltr'>tragico</span> <span class='ocrx_word' id='word_1_204' title='bbox 1375 2743 1539 2786; x_wconf 86' lang='lat' dir='ltr'>diceret</span> <span class='ocrx_word' id='word_1_205' title='bbox 1560 2745 1774 2787; x_wconf 86' lang='lat' dir='ltr'>recedere.</span> <span class='ocrx_word' id='word_1_206' title='bbox 1822 2743 1898 2786; x_wconf 88' lang='lat' dir='ltr'>Eis</span> <span class='ocrx_word' id='word_1_207' title='bbox 1931 2755 2096 2797; x_wconf 87' lang='lat' dir='ltr'>compa-</span> 
     </span>
     <span class='ocr_line' id='line_1_30' title="bbox 388 2822 2096 2878; baseline 0.001 -14"><span class='ocrx_word' id='word_1_208' title='bbox 388 2822 510 2874; x_wconf 88' lang='lat' dir='ltr'>ratis,</span> <span class='ocrx_word' id='word_1_209' title='bbox 560 2835 670 2875; x_wconf 87' lang='lat' dir='ltr'>quae</span> <span class='ocrx_word' id='word_1_210' title='bbox 715 2822 912 2877; x_wconf 83' lang='lat' dir='ltr'>singulae</span> <span class='ocrx_word' id='word_1_211' title='bbox 954 2836 1165 2876; x_wconf 88' lang='lat' dir='ltr'>personae</span> <span class='ocrx_word' id='word_1_212' title='bbox 1186 2824 1357 2866; x_wconf 89' lang='lat' dir='ltr'>locutae</span> <span class='ocrx_word' id='word_1_213' title='bbox 1387 2827 1500 2878; x_wconf 89' lang='lat' dir='ltr'>sunt,</span> <span class='ocrx_word' id='word_1_214' title='bbox 1533 2824 1659 2877; x_wconf 89' lang='lat' dir='ltr'>plane</span> <span class='ocrx_word' id='word_1_215' title='bbox 1689 2823 1826 2876; x_wconf 89' lang='lat' dir='ltr'>liquet</span> <span class='ocrx_word' id='word_1_216' title='bbox 1854 2822 2096 2876; x_wconf 89' lang='lat' dir='ltr'>Apollinem</span> 
     </span>
     <span class='ocr_line' id='line_1_31' title="bbox 390 2901 2097 2958; baseline 0.001 -15"><span class='ocrx_word' id='word_1_217' title='bbox 390 2904 434 2943; x_wconf 87' lang='lat' dir='ltr'>et</span> <span class='ocrx_word' id='word_1_218' title='bbox 466 2901 681 2956; x_wconf 85' lang='lat' dir='ltr'>Cyllenem</span> <span class='ocrx_word' id='word_1_219' title='bbox 712 2903 941 2956; x_wconf 87' lang='lat' dir='ltr'>nympham</span> <span class='ocrx_word' id='word_1_220' title='bbox 972 2903 1289 2947; x_wconf 88' lang='lat' dir='ltr'>enuntiationes</span> <span class='ocrx_word' id='word_1_221' title='bbox 1319 2902 1538 2958; x_wconf 86' lang='lat' dir='ltr'>longiores</span> <span class='ocrx_word' id='word_1_222' title='bbox 1571 2915 1687 2946; x_wconf 90' lang='lat' dir='ltr'>more</span> <span class='ocrx_word' id='word_1_223' title='bbox 1718 2906 1763 2945; x_wconf 88' lang='lat' dir='ltr'>et</span> <span class='ocrx_word' id='word_1_224' title='bbox 1792 2914 1988 2946; x_wconf 85' lang='lat' dir='ltr'>sermone</span> <span class='ocrx_word' id='word_1_225' title='bbox 2011 2905 2097 2944; x_wconf 87' lang='lat' dir='ltr'>tra-</span> 
     </span>
     <span class='ocr_line' id='line_1_32' title="bbox 388 2980 2097 3036; baseline 0.001 -13"><span class='ocrx_word' id='word_1_226' title='bbox 388 2980 484 3036; x_wconf 87' lang='lat' dir='ltr'>gico</span> <span class='ocrx_word' id='word_1_227' title='bbox 531 2981 713 3024; x_wconf 88' lang='lat' dir='ltr'>elatiore</span> <span class='ocrx_word' id='word_1_228' title='bbox 759 2982 1037 3036; x_wconf 74' lang='lat' dir='ltr'>expressisse,</span> <span class='ocrx_word' id='word_1_229' title='bbox 1083 2985 1156 3026; x_wconf 87' lang='lat' dir='ltr'>sed</span> <span class='ocrx_word' id='word_1_230' title='bbox 1204 2987 1380 3036; x_wconf 86' lang='lat' dir='ltr'>praeter</span> <span class='ocrx_word' id='word_1_231' title='bbox 1422 2984 1533 3035; x_wconf 89' lang='lat' dir='ltr'>quod</span> <span class='ocrx_word' id='word_1_232' title='bbox 1582 2982 1926 3036; x_wconf 83' lang='lat' dir='ltr'>exspectavimus</span> <span class='ocrx_word' id='word_1_233' title='bbox 1958 2994 2012 3025; x_wconf 87' lang='lat' dir='ltr'>ne</span> <span class='ocrx_word' id='word_1_234' title='bbox 2044 2994 2097 3024; x_wconf 89' lang='lat' dir='ltr'>ea</span> 
     </span>
     <span class='ocr_line' id='line_1_33' title="bbox 390 3060 2094 3116; baseline 0 -13"><span class='ocrx_word' id='word_1_235' title='bbox 390 3060 574 3113; x_wconf 86' lang='lat' dir='ltr'>quidem,</span> <span class='ocrx_word' id='word_1_236' title='bbox 607 3074 715 3114; x_wconf 89' lang='lat' dir='ltr'>quae</span> <span class='ocrx_word' id='word_1_237' title='bbox 748 3074 773 3104; x_wconf 88' lang='lat' dir='ltr'>a</span> <span class='ocrx_word' id='word_1_238' title='bbox 804 3062 947 3104; x_wconf 86' lang='lat' dir='ltr'>Sileno</span> <span class='ocrx_word' id='word_1_239' title='bbox 979 3062 1235 3116; x_wconf 87' lang='lat' dir='ltr'>Satyrisque</span> <span class='ocrx_word' id='word_1_240' title='bbox 1266 3063 1548 3116; x_wconf 89' lang='lat' dir='ltr'>pronuntiata</span> <span class='ocrx_word' id='word_1_241' title='bbox 1578 3066 1691 3116; x_wconf 90' lang='lat' dir='ltr'>sunt,</span> <span class='ocrx_word' id='word_1_242' title='bbox 1724 3074 1750 3104; x_wconf 87' lang='lat' dir='ltr'>a</span> <span class='ocrx_word' id='word_1_243' title='bbox 1780 3073 1976 3104; x_wconf 88' lang='lat' dir='ltr'>sermone</span> <span class='ocrx_word' id='word_1_244' title='bbox 2005 3061 2094 3114; x_wconf 90' lang='lat' dir='ltr'>illo,</span> 
     </span>
     <span class='ocr_line' id='line_1_34' title="bbox 389 3140 2094 3196; baseline 0.001 -13"><span class='ocrx_word' id='word_1_245' title='bbox 389 3153 471 3193; x_wconf 80' lang='lat' dir='ltr'>quo</span> <span class='ocrx_word' id='word_1_246' title='bbox 517 3141 676 3194; x_wconf 82' lang='lat' dir='ltr'>tragici</span> <span class='ocrx_word' id='word_1_247' title='bbox 721 3142 787 3184; x_wconf 92' lang='lat' dir='ltr'>usi</span> <span class='ocrx_word' id='word_1_248' title='bbox 829 3146 942 3194; x_wconf 87' lang='lat' dir='ltr'>sunt,</span> <span class='ocrx_word' id='word_1_249' title='bbox 975 3143 1148 3185; x_wconf 88' lang='lat' dir='ltr'>multum</span> <span class='ocrx_word' id='word_1_250' title='bbox 1182 3143 1441 3196; x_wconf 88' lang='lat' dir='ltr'>discrepare.</span> <span class='ocrx_word' id='word_1_251' title='bbox 1503 3141 1608 3185; x_wconf 83' lang='lat' dir='ltr'>Loci</span> <span class='ocrx_word' id='word_1_252' title='bbox 1638 3140 1893 3196; x_wconf 85' lang='lat' dir='ltr'>agitatiores</span> <span class='ocrx_word' id='word_1_253' title='bbox 1925 3144 2094 3184; x_wconf 89' lang='lat' dir='ltr'>contro-</span> 
     </span>
    </p>
   </div>
  </div>
 </body>
</html>
