2358 3782
210 305 375 348 Bxlv‚«
754 303 814 340 De
838 303 1042 339 vocabulis
1066 302 1355 338 Ichneutarum.
1891 304 1933 338 31

208 451 353 496 editor
383 469 410 508 η
439 451 527 506 legi
558 448 687 505 poSse
717 448 897 492 indicat.
943 447 1568 491 Wilamowitz-Moellendorff
1593 461 1706 491 novo
1725 447 1935 491 vocabulo

209 530 357 577 efficto
405 529 654 589 [ὀξ]η’νομεν
690 529 968 573 scribendum
1007 541 1102 571 esse
1150 528 1354 581 coniecit3
1400 529 1583 583 Murray
1628 525 1733 586 [ἄρ’]
1769 525 1936 582 ἢνομεν

209 611 484 656 scribendum
526 623 622 655 esse
661 610 864 664 perhibet
900 610 1052 663 (Hunt,
1086 608 1250 663 Oxyrh.
1283 609 1391 662 Pap.
1423 608 1491 651 IX
1521 621 1561 662 p.
1596 611 1680 663 72).
1743 608 1933 664 Quarum

210 692 555 736 coniecturarum
598 691 718 734 illam
759 691 804 733 in
843 689 1034 733 editione
1063 688 1260 743 prInc-ipe
1291 689 1414 731 Hunt
1446 689 1716 743 approbavit,
1748 690 1861 732 hanc
1892 689 1937 731 in

211 771 403 818 editione
432 772 638 817 secunda.
699 770 798 814 Etsi
828 770 982 814 inutile
1013 769 1155 813 videri
1184 770 1323 824 possit
1354 770 1531 813 verbum
1566 783 1722 814 novum
1755 770 1934 826 fingere,

210 865 308 897 cum
344 851 430 896 alio
475 853 601 896 modo
645 851 800 895 lacuna
845 850 1010 904 expleri
1061 850 1210 904 possit,
1258 852 1577 894 concedendum
1623 864 1719 894 esse
1762 851 1938 895 videt-ur

211 934 326 979 hunc
367 937 486 977 certe
528 933 665 976 locum
696 931 858 976 litteris
890 944 916 974 a
944 932 1138 975 Murraio
1170 930 1384 985 suppletis
1414 943 1500 974 non
1535 930 1601 974 ita
1640 932 1749 975 bene
1789 932 1937 975 sanari

212 1026 264 1058 ac
293 1013 545 1058 coniectura
587 1011 1243 1057 Wilamowitz-Moellendorffii.
1305 1011 1442 1067 Quam
1493 1011 1753 1055 sententiam
1798 1012 1937 1067 bonis,

211 1098 261 1138 ut
314 1093 419 1138 mihi
463 1093 651 1147 videtur,
704 1092 972 1148 argumentis
1023 1092 1298 1136 confirmavit
1339 1092 1585 1146 Miinscher‚
1639 1093 1711 1146 qui
1763 1092 1936 1148 (Rhein.

210 1174 409 1218 Museum
442 1178 496 1218 69
529 1187 569 1228 p.
605 1175 704 1228 175)
740 1173 991 1217 coniectura
1034 1172 1287 1216 Murraiana
1330 1172 1497 1216 reiecta
1542 1177 1687 1216 monet
1719 1169 1810 1228 ἦθῒ
1848 1171 1938 1228 ἄρα

215 1267 302 1299 una
330 1255 375 1298 in
406 1254 628 1299 sententia
658 1253 766 1296 male
799 1266 1038 1309 congruere
1079 1257 1124 1296 et
1153 1253 1199 1296 in
1239 1253 1488 1296 memoriam
1519 1258 1652 1297 vocat
1682 1254 1939 1308 Sophoclem

212 1335 322 1390 (ΟΒ.
357 1338 455 1389 157)
497 1336 630 1380 verbo
668 1333 878 1383 ἐξανύων
910 1347 1032 1377 usum
1064 1347 1173 1387 esse,
1197 1335 1307 1388 quod
1340 1333 1454 1377 idem
1487 1346 1539 1377 ac
1568 1333 1748 1383 ἐξάνειν
1779 1335 1940 1391 signifi-

212 1420 294 1460 cet.
355 1416 509 1470 Itaque
550 1414 698 1459 nescio
743 1427 798 1457 an
842 1415 1098 1458 vocabulum
1140 1427 1300 1458 novum
1342 1412 1519 1463 ἐξάνειν
1551 1419 1670 1458 recte
1702 1427 1748 1458 se
1781 1416 1939 1459 habere

214 1497 451 1553 putandum
483 1497 556 1540 sit.
575 1521 631 1527 —-
666 1495 790 1551 Quod
821 1497 877 1538 ad
909 1493 1038 1536 ἅνειν
1067 1495 1271 1549 pertinet,
1314 1508 1399 1538 non
1430 1495 1495 1538 ita
1524 1495 1779 1549 frequenter
1810 1499 1940 1548 atque

213 1575 377 1621 οἴνιῐειν
407 1577 610 1632 occurrit,
633 1578 711 1620 sed
740 1582 887 1620 tamen
917 1577 1017 1619 inde
1036 1589 1062 1619 a
1082 1577 1352 1630 temporibus
1374 1576 1558 1619 Homeri
1580 1575 1716 1630 usque
1740 1577 1794 1618 ad
1819 1575 1938 1629 quiu-

213 1662 306 1703 tum
335 1659 554 1702 saeculum
585 1651 794 1712 apparet3
828 1670 854 1700 a
884 1657 1096 1711 Sophocle
1115 1661 1363 1700 autemnon
1396 1660 1649 1711 usurpatum
1684 1662 1763 1700 est.

213 1807 709 1858 Ρ*ἐξευθετίζειν
752 1821 985 1862 operam
1019 1808 1168 1859 dare,
1202 1807 1509 1861 praebere.

352 1899 473 1944 Ichn.
497 1902 727 1943 269—270
748 1899 832 1954 (XI
863 1901 993 1953 6-—7)
1025 1899 1222 1940 λικνῖτιν
1252 1899 1432 1956 τροᾳὴν
1449 1906 1456 1954 Ι
1474 1897 1773 1955 [ἐξευθῂτίζω
1800 1898 1938 1939 νύκτα

351 1983 426 2022 καὶ
457 1979 564 2022 καθ’
594 1977 776 2035 ἡμέραν.

314 2082 316 2084 ’
352 2081 479 2134 ἅπαξ
522 2086 758 2140 εἰρημένον
788 2084 858 2128 hic
888 2085 1109 2137 habemus,
1142 2085 1181 2127 si
1210 2097 1257 2127 re
1290 2097 1396 2127 vera
1425 2085 1582 2127 lacuna
1612 2084 1770 2139 papyri
1803 2096 1828 2126 a
1851 2085 1939 2127 Wi-

215 2164 804 2210 lamowitz-Moellendorffio
833 2165 987 2219 (Haut,
1021 2165 1183 2219 Oxyrh.
1208 2166 1314 2220 Pap.
1346 2165 1415 2208 IX
1445 2179 1486 2219 p.
1521 2167 1591 2220 79)
1622 2170 1743 2209 recte
1765 2166 1942 2220 expleta

215 2249 297 2290 est.
344 2245 520 2301 Optime
565 2244 811 2289 sententiae
857 2245 1027 2299 quidem
1061 2245 1261 2301 congruit
1309 2250 1353 2288 et
1383 2245 1526 2299 spatio
1559 2245 1827 2299 aptissimum
1859 2250 1940 2298 est,

214 2326 294 2370 sed
334 2325 455 2370 dubii
487 2329 632 2368 tamen
678 2325 842 2379 aliquid
882 2325 1010 2376 inest,
1043 2338 1137 2368 cum
1171 2326 1350 2368 verbum
1382 2326 1514 2369 hocce
1547 2327 1833 2380 compositum
1866 2327 1941 2369 ali-

214 2407 329 2450 unde
372 2419 460 2450 non
489 2405 711 2461 cognitum
741 2405 813 2449 hic
843 2405 1094 2449 coniectura
1134 2405 1324 2449 effictum
1367 2405 1438 2458 sit,
1471 2419 1599 2459 quam
1629 2407 1943 2451 Wilamowitz-

215 2486 525 2531 Moellendorff
549 2499 655 2530 sane
685 2486 1012 2543 ἐξευτρεπίζειν
1043 2488 1190 2538 verbo,
1223 2500 1307 2541 quo
1338 2488 1571 2542 Euripides
1604 2489 1688 2543 (El.
1734 2491 1803 2542 75)
1838 2502 1940 2533 usus

215 2570 297 2622 est,
328 2567 618 2611 commendari
648 2572 796 2611 monet
828 2568 1012 2622 (Oxyrh.
1044 2570 1152 2622 Pap.
1186 2568 1252 2610 XI
1282 2582 1321 2622 p.
1358 2572 1439 2623 79).
1473 2595 1527 2599 —
1559 2570 1719 2613 Forma
1755 2570 1942 2624 simplici

216 2647 466 2698 ειῖθετίζειν
495 2647 680 2703 primum
711 2648 930 2691 Hesiodus
961 2649 1142 2703 (Theog.
1187 2652 1301 2704 541),
1350 2650 1505 2693 deinde
1545 2651 1852 2704 Hippocrates,
1895 2656 1941 2694 et

217 2731 363 2772 aetate
383 2727 581 2772 Romana
611 2729 943 2783 Byzantinaque
974 2730 1213 2783 scriptores
1244 2730 1455 2774 orationis
1486 2731 1703 2785 pedestris
1735 2732 1799 2774 usi
1822 2736 1940 2774 sunt.

217 2866 568 2922 ἐξιχνεύειν
597 2867 1010 2923 investigare,
1044 2870 1338 2926 vestigiis
1371 2870 1664 2924 consequi.

354 2947 474 2992 Ichn.
511 2951 733 2992 160-161
767 2948 869 3004 (VII
901 2952 1029 3003 2—3)
1060 2952 1100 2991 εἰ
1119 2949 1179 3005 μή
1203 2949 1581 3005 ’νανοστήσαντες
1602 2949 1939 3007 ἐξιχνειῖσε[τε]1

355 3027 440 3076 τοὶς
468 3029 574 3082 βοῦς

355 3146 414 3151 -
441 3124 667 3164 200—201
699 3121 1007 3177 (V1118—19)
1038 3121 1140 3164 om:
1171 3121 1310 3173 αὐτός
1342 3123 1398 3166 σιῗ
1431 3124 1572 3166 ταῦθ’
1605 3122 1709 3180 [ὅπῃ
1742 3123 1904 3177 θέλεις]
1931 3124 1936 3179 Ι

358 3200 472 3254 ζήτει
504 3213 552 3242 τε
584 3199 817 3255 κοῖξίχνευε
