2358 3782
389 311 434 347 88
1015 313 1057 348 L.
1085 313 1495 350 O.TH.TUDEER.
1919 316 2099 358 -BXIW

389 456 573 511 Nauck),
605 456 676 500 ubi
693 459 747 500 ad
780 469 800 500 s
815 469 844 511 y
858 470 897 499 m
911 471 939 511 p
952 458 968 500 1
981 469 1004 500 e
1018 470 1047 513 g
1060 470 1098 499 m
1113 470 1139 500 a
1173 457 1293 500 Pelei
1314 461 1358 500 et
1373 457 1568 501 Thetidis
1591 462 1774 512 spectat,
1798 460 1979 503 alterum
2001 460 2099 505 loco

389 541 537 580 nostro
582 537 902 590 Ichneutarum,
933 537 1005 580 ubi
1047 550 1068 580 c
1083 550 1106 580 o
1123 550 1159 579 m
1176 537 1240 580 mi
1256 550 1276 580 s
1291 550 1314 580 c
1327 550 1351 580 e
1364 551 1387 580 r
1398 551 1435 590 e,
1481 550 1505 581 c
1519 550 1543 581 o
1556 551 1585 581 n
1595 538 1614 581 f
1624 551 1653 581 u
1664 552 1693 581 n
1706 540 1734 581 d
1746 551 1770 582 e
1783 552 1806 582 r
1817 552 1841 583 e
1867 539 2097 594 significat.

389 642 443 647 —-
474 618 633 660 Postea
663 630 797 670 usque
829 617 882 660 ad
912 621 1098 660 aetatem
1130 617 1367 660 Romanam
1399 621 1468 660 sat
1499 630 1718 661 commune
1749 623 1828 662 est.

389 810 667 866 τρίζυγος
697 810 936 864 triplex,
969 810 1426 869 tripertitus(?).-

523 901 642 945 Ichn.
680 905 760 944 168
791 901 896 956 (VII
927 903 997 956 10)
1028 899 1128 942 ἄλλ’
1158 896 1210 941 εἶ’
1240 899 1445 960 [ἐ]φίστω
1478 901 1679 956 τριζύγης
1711 903 1842 955 οἵμου
1872 902 2020 955 βάσιν,

525 1026 576 1069 In
606 1027 849 1081 fragmento
882 1027 1055 1081 Sisyphi
1086 1040 1111 1069 a
1130 1027 1308 1070 Musuro
1330 1027 1490 1080 optime
1509 1029 1735 1070 emendato
1753 1027 1821 1082 (fr.
1841 1032 1923 1071 502
1944 1027 2100 1072 Nauck

388 1109 587 1160 χαρίτων
631 1104 866 1161 τριζύγων)
898 1110 1038 1149 utrum
1079 1107 1314 1161 Sophocles
1347 1107 1556 1150 vocabulo
1587 1107 1798 1162 τρίζιγος,
1831 1109 1944 1160 quod
1972 1107 2099 1151 Euri·

388 1186 510 1239 pides
541 1186 674 1229 semel
706 1187 818 1240 (Hel.
853 1188 953 1241 357)
987 1187 1174 1242 adhibet,
1198 1200 1253 1230 an
1275 1187 1484 1230 vocabulo
1508 1187 1673 1241 τρίζυξ,
1697 1188 1809 1240 quod
1832 1189 1943 1242 apud
1965 1189 2100 1243 scrip-

378 1269 507 1310 -tores
551 1266 904 1320 epigrammatum
943 1267 1101 1309 aetatis
1131 1267 1350 1310 Romanae
1382 1267 1585 1320 occurrit,
1619 1267 1739 1310 velut
1770 1268 1884 1320 apud
1912 1267 2100 1322 Antipa-

388 1349 497 1388 trem
528 1346 750 1389 Sidonium
780 1347 927 1400 (Anth.
960 1347 1052 1389 Pal.
1074 1347 1141 1389 XI
1170 1348 1305 1402 22Ο,ι)
1328 1350 1372 1389 et
1394 1347 1601 1390 Archiam
1626 1347 1774 1400 (Anth.
1800 1347 1892 1389 Pal.
1914 1347 1979 1390 VI
1998 1351 2099 1401 13,2‚

390 1427 535 1480 181,ι),
567 1438 669 1469 usus
699 1426 769 1481 sit,
802 1438 894 1469 cum
928 1426 1100 1469 dubium
1133 1439 1227 1470 esse
1260 1425 1495 1478 videretur,
1520 1428 1628 1470 haec
1651 1426 1848 1480 quaestio
1870 1440 1951 1481 ope
1972 1427 2101 1471 huius

387 1505 691 1548 Ichneutarum
707 1506 791 1549 loci
808 1506 892 1548 iam
910 1506 1137 1549 diiudicari
1158 1519 1284 1560 posse
1307 1507 1499 1561 videtur3
1533 1507 1728 1562 τρίζνγος
1758 1507 1867 1550 enim
1899 1508 2098 1552 vocabuli

387 1599 480 1629 cum
499 1588 614 1639 apud
629 1586 864 1640 scriptores
893 1587 1050 1630 aetatis
1071 1587 1276 1630 classicae
1299 1587 1391 1630 iam<
1413 1588 1497 1630 duo
1533 1588 1708 1630 exstent
1728 1588 1934 1642 exempla,
1967 1587 2098 1632 etiam

387 1665 564 1708 tertium
605 1666 910 1720 (fragmentum
954 1667 1059 1709 illud
1090 1667 1280 1721 Sisyphi)
1328 1667 1625 1721 accipiendum
1673 1680 1766 1710 esse
1812 1667 1996 1711 videtur.
2042 1693 2096 1699 —

389 1746 447 1788 At
477 1745 694 1800 Vollgraff
719 1747 1021 1802 (Mnemosyne
1052 1747 1135 1790 NS.
1167 1750 1221 1789 42
1253 1760 1293 1800 p.
1327 1748 1514 1801 88—89)
1546 1760 1630 1789 non
1661 1746 2007 1790 solumformam
2039 1746 2099 1790 fe-

387 1825 591 1868 mininam
623 1826 828 1869 eiusmodi
857 1828 1159 1870 vocabulorum
1197 1840 1248 1870 ac
1280 1827 1478 1881 τρίζυγος
1510 1827 1552 1869 in
1587 1828 1766 1881 primam
1798 1839 1909 1880 quae
1939 1827 2102 1871 dicitur

388 1906 718 1949 declinationem
762 1907 950 1949 transire
981 1920 1065 1950 non
1096 1907 1235 1950 solere
1267 1908 1430 1950 monuit
1476 1906 1547 1961 (ci.
1580 1899 1813 1961 Euripides
1855 1907 1951 1950 Hel.
1997 1911 2094 1950 357:

387 1983 606 2041 τριζύγοις
648 1988 806 2040 θεαῖς),
853 1988 927 2029 sed
974 1987 1103 2029 etiam
1147 1991 1236 2030 tres
1267 1987 1444 2030 semitas
1473 1987 1519 2029 in
1549 1999 1679 2030 scena
1709 1986 1874 2029 exstrui
1903 1973 2100 2041 potuisse

373 2065 585 2120 negavit3
616 2065 764 2119 itaque
796 2067 865 2110 vel
898 2067 1098 2122 τριζυγῆς
1127 2067 1353 2122 legendum
1384 2080 1491 2119 esse,
1529 2067 1695 2120 qualem
1729 2066 2037 2110 nominativum
2069 2079 2100 2110 a

386 2157 580 2188 sermone
628 2146 866 2199 Sophocleo
911 2160 998 2189 non
1039 2148 1102 2190 ita
1147 2148 1393 2200 abhorrere,
1442 2151 1490 2190 ut
1536 2147 1575 2190 ei
1621 2147 1930 2190 abiudicandus
1968 2149 2099 2198 esset,

387 2225 594 2278 exemplis
639 2226 782 2269 allatis
829 2227 1153 2278 demonstravit,
1200 2228 1270 2270 vel
1313 2227 1457 2281 potius
1503 2240 1676 2271 versum
1713 2225 1813 2267 ἀλλ’
1843 2220 1896 2266 εἶ’
1925 2225 2098 2280 ἐφίστω

385 2304 577 2360 τριζυγεῖ
607 2305 641 2352 ’ς
672 2306 803 2358 οἵμου
833 2307 969 2359 βάσιν
999 2307 1270 2350 scribendum
1301 2307 1606 2359 essecensuit,
1642 2319 1765 2360 quem
1797 2305 1859 2349 sic
1887 2305 2098 2359 interpre-

386 2389 504 2428 tatus
535 2389 623 2429 est:
668 2388 904 2442 agedum
936 2388 1132 2430 tribus
1165 2387 1475 2431 ordinibus
1506 2387 1845 2441 dispositus
1873 2385 2097 2429 insiste

385 2465 543 2509 viam.
606 2466 725 2521 Quae
771 2467 928 2520 opinio,
976 2468 1172 2520 quamvis
1203 2466 1468 2522 argumentis
1501 2467 1710 2521 speciosis
1740 2467 1918 2515 nitatur,
1950 2469 2096 2510 tamen

386 2545 488 2588 mihi
534 2546 702 2599 quidem
736 2560 821 2590 non
852 2547 1026 2590 videtur
1055 2560 1149 2590 esse
1182 2549 1476 2601 approbanda;
1513 2547 1586 2590 ubi
1618 2547 1729 2590 enim
1762 2546 1979 2590 sententia
2008 2545 2096 2589 alio

385 2627 508 2668 modo
540 2627 648 2669 bene
678 2627 894 2669 enucleari
925 2627 1077 2680 possit,
1107 2641 1191 2670 non
1222 2631 1290 2670 est
1319 2640 1396 2670 cur
1422 2630 1589 2670 textum
1611 2627 1821 2670 vocabulo
1842 2638 1954 2669 novo
1974 2624 2096 2668 effin-

386 2706 524 2759 gendo
554 2705 876 2758 interpolemus.
914 2706 1205 2749 Difficultates
1239 2719 1351 2761 vero,
1376 2719 1483 2760 quas
1521 2710 1679 2759 textus,
1703 2705 1840 2759 qualis
1861 2705 1904 2748 in
1926 2717 2095 2759 papyro
2128 2721 2131 2726 Δ

385 2788 541 2837 exstat,
574 2785 851 2838 explicationi
880 2786 1072 2840 praebet,
1106 2799 1130 2828 a
1147 2786 1251 2829 viris
1269 2786 1406 2829 doctis
1424 2784 2094 2839 Wilamowitz-Moellendorffio,

386 2865 460 2918 qui
503 2865 685 2918 primum
732 2866 901 2918 quidem
941 2870 1106 2909 textum
1138 2868 1386 2909 mut-andum
1417 2879 1512 2910 esse
1546 2866 1715 2909 censuit
1744 2865 1895 2919 (Hunt,
1928 2864 2094 2919 Oxyrh.

384 2946 487 2998 Pap.
535 2945 602 2988 IX
646 2958 688 2999 p.
734 2950 798 2988 75:
846 2945 1009 3000 τρίζυγ’
1039 2948 1127 3001 εἰς),
1160 2947 1314 2990 deinde
1345 2947 1615 2989 immutatum
1646 2945 1809 2999 recepit
1838 2944 1906 2999 (N.
1939 2943 2092 2987 Jahrb.

385 3024 541 3067 XXIX
569 3037 610 3078 p.
642 3027 775 3079 456³),
808 3029 851 3068 et
881 3026 1139 3069 Miinschero
1171 3026 1338 3081 (Rhein.
1373 3027 1569 3069 Museum
1601 3027 1654 3066 69
1687 3037 1729 3078 p.
1765 3026 1863 3078 182)
1894 3023 2097 3067 sublatae

384 3117 480 3148 esse
511 3104 725 3148 videntur.
