2358 3782
431 322 476 356 42
1047 324 1089 360 L.
1117 324 1530 362 O.T11.Tunmnn.
1972 330 2139 373 BXIV,⁴

571 466 724 509 Adhuc
761 469 873 520 apud
906 468 1140 521 scriptores
1171 473 1335 512 tantum
1383 471 1541 513 aetatis
1588 471 1807 515 Romanae
1852 474 2140 527 Byzantinae-
2224 455 2227 458 ι

434 557 528 597 que,
563 546 680 588 velut
706 546 751 588 in
768 547 872 588 Vita
907 547 1082 590 Maximi
1111 547 1382 591 Confessoris
1413 550 1501 603 (vol
1523 555 1542 592 1
1562 563 1602 604 p.
1619 551 1775 605 XXV),
1808 554 1922 605 apud
1939 553 2136 597 'I'zetzem

433 624 586 680 (Exeg.
617 625 668 667 Il.
705 628 853 680 143,·2s)
886 629 948 680 [et
979 629 1088 680 apud
1123 627 1375 683 Gregorium
1407 629 1669 683 Nyssensem
1700 631 1802 683 (vol.
1835 636 1859 674 3
1890 645 1930 685 p.
1963 635 2043 675 247
2076 632 2138 687 C),

435 704 506 746 ubi
539 704 662 746 varia
693 705 862 757 quidem
894 710 960 749 est
989 707 1149 761 lectio],
1192 712 1237 751 et
1283 693 1396 762 apud
1427 709 1771 764 lexicographos,
1802 711 2066 765 Hesychium
2095 719 2139 756 et

433 783 609 826 Suidam
641 784 748 837 dico,
771 785 1015 840 legebatur,¹
1033 800 1210 840 quorum
1242 787 1315 839 hic,
1332 788 1511 832 formam
1531 789 1715 842 perfecti
1735 789 1902 844 passivi
1917 805 2141 847 κατερρικ·

435 866 629 914 νωμένος
660 866 856 918 (eandem
894 879 978 919 qua
1009 866 1243 919 Sophocles
1270 868 1363 911 loco
1394 873 1541 912 nostro
1587 882 1688 912 usus
1728 872 1811 924 est)
1841 870 1903 914 sic
1933 871 2138 925 explicat:

435 946 842 998 συνεστραμμένον,
889 944 1127 998 καμπύλον
1173 947 1426 999 γενόμενον,
1463 935 1832 1003 ἐρρυτιδωμένον.
1865 976 1918 980 -
1949 950 2139 994 Verbum

434 1021 614 1076 simplex
630 1022 898 1079 ῥικνοῦσθαι
917 1026 1100 1069 testibus
1118 1027 1272 1070 Photio
1292 1032 1336 1070 et
1366 1028 1498 1071 Suida
1528 1030 1709 1082 primum
1741 1031 1855 1083 apud
1887 1030 2140 1084 Sophoclem

435 1102 516 1145 hac
570 1103 615 1144 in
656 1103 804 1146 fabula
844 1105 1150 1148 Ichneutarum
1197 1106 1265 1160 (fr.
1313 1111 1395 1150 295
1439 1107 1608 1162 Nauck)
1654 1109 1922 1163 occurrebat,
1976 1109 2140 1154 Huntio

434 1187 576 1226 aut-em
607 1184 856 1228 testimonia
894 1188 949 1228 ad
988 1187 1100 1230 hunc
1130 1187 1266 1230 locum
1297 1193 1495 1242 spectare
1536 1189 1710 1243 opinato
1741 1189 1921 1244 (Oxyrh.
1945 1191 2051 1244 Pap.
2074 1191 2142 1234 IX

432 1276 472 1316 p.
509 1266 580 1318 81)
614 1265 713 1307 mihi
753 1279 837 1308 non
880 1267 1188 1311 videturesse
1232 1269 1563 1312 assentiendum.
1624 1269 1791 1313 Deinde
1833 1283 1882 1313 eo
1924 1274 1969 1313 et
2008 1271 2142 1325 scrip-

433 1346 551 1387 tores
574 1345 781 1388 orationis
802 1346 969 1389 solutae
987 1351 1032 1389 et
1044 1351 1198 1400 poetae
1214 1348 1279 1391 usi
1303 1353 1414 1391 sunt.
1457 1349 1676 1392 Adiectivi
1708 1348 1870 1405 ῥικνός,
1901 1352 2014 1393 unde
2033 1350 2142 1394 haec

432 1423 568 1466 verba
609 1425 808 1468 derivata
838 1429 951 1480 sunt,
982 1427 1163 1480 primum
1196 1428 1375 1481 praebet
1406 1429 1643 1482 exemplum
1676 1429 1859 1483 hymnus
1889 1430 2141 1473 Homericus

435 1502 481 1545 in
510 1503 754 1557 Apollinem
786 1507 917 1559 (317),
950 1506 1103 1549 deinde
1135 1508 1287 1550 crebro
1318 1508 1361 1550 in
1393 1521 1473 1550 usu
1495 1512 1573 1551 est.
1632 1508 1778 1574 ¹Verba
1818 1509 1893 1551 illa
1922 1508 2005 1552 etsi
2035 1509 2171 1552 satis-

437 1596 536 1627 raro
568 1585 610 1627 in
641 1585 763 1627 libris
797 1588 1281 1640 occurrunt,.sermonis
1314 1588 1522 1631 cotidiani
1552 1601 1645 1631 esse
1678 1589 1893 1632 videntur.

433 1759 1166 1810 xavoaxveiigpervadere.

569 1848 688 1890 Ichn.
722 1851 801 1891 321
835 1848 968 1902 (XIII
989 1851 1032 1903 ὃ)
1054 1847 1471 1904 <οἷπρ>οψοίλακτός
1490 1863 1559 1898 τις
1581 1849 1709 1906 ὂμφοῖ
1734 1860 1961 1906 κατοιχνεῖ
1980 1850 2141 1902 τόπον,

572 1947 696 1998 ἅπαξ
725 1951 968 2005 εἰρημένον.
994 1978 1046 1982 -
1068 1952 1214 1995 Verbo
1246 1951 1431 2006 simplici
1462 1955 1642 2007 οἰχνεῖν,
1682 1956 1796 2007 quod
1837 1955 1951 2008 apud
1990 1958 2142 2008 poetas

433 2030 533 2072 inde
565 2043 590 2072 a
623 2034 817 2084 tempore
851 2033 1031 2075 Homeri
1062 2033 1263 2085 occurrit,
1301 2034 1375 2076 sed
1403 2046 1489 2076 non
1517 2038 1616 2087 post
1637 2034 1887 2088 Euripidem
1907 2033 2140 2086 invenitur,

435 2111 564 2152 etiam
597 2111 829 2164 Sophocles
860 2113 944 2166 (Ai.
978 2115 1074 2164 564,
1106 2113 1173 2155 El.
1208 2117 1302 2165 165,
1334 2116 1434 2167 313)
1477 2127 1579 2156 usus
1613 2117 1693 2160 est.
1733 2140 1786 2145 —-
1827 2114 2140 2157 Vocabulorum

435 2191 765 2244 compositorum
796 2191 1023 2244 ἐποιχνεῖν
1044 2196 1089 2234 et
1109 2192 1379 2246 πεδοιχνεῖν,
1402 2206 1512 2246 quae
1544 2195 1659 2247 apud
1675 2194 1982 2248 Bacchylidem
1995 2206 2142 2237 occur-

434 2275 548 2323 runt,
582 2271 662 2314 hoc
693 2269 819 2319 ἅπαξ
849 2273 1095 2327 εἰρημένον,
1126 2272 1230 2315 illud
1261 2274 1468 2316 sermonis
1499 2274 1658 2327 poetici
1688 2278 1732 2317 et
1760 2285 1981 2327 perrarum
2013 2279 2091 2317 est.

430 2442 664 2501 κιλέμμα
696 2443 923 2485 furtum.

570 2534 689 2576 Ichu.
714 2538 880 2576 66--67
904 2534 987 2587 (ΠΙ
1011 2535 1194 2589 13-14)
1215 2535 1310 2583 πῶς
1330 2535 1397 2589 πᾷ
1418 2533 1476 2574 τά
1500 2532 1689 2587 ›iol-9940:
1715 2534 1865 2587 νύχια]
1883 2534 1889 2590 Ι
1909 2534 2139 2587 κλέμματα

569 2616 739 2667 ποσσὶ[.
764 2647 772 2655 .
797 2648 804 2655 .

572 2717 880 2759 Testimonium
898 2718 979 2760 hoc
996 2722 1064 2760 est
1084 2718 1282 2760 vocabuli
1306 2717 1527 2770 aliquanto
1547 2716 1759 2759 vetustius
1778 2715 1984 2770 exemplis
2001 2716 2139 2759 adhuc

435 2796 632 2850 cognitis,
651 2809 761 2850 quae
777 2797 1008 2850 Euripides
1025 2797 1147 2851 (Hec.
1167 2799 1265 2851 618)
1282 2800 1327 2839 et
1340 2796 1614 2850 Thucydides
1630 2796 1684 2849 (V
1703 2797 1779 2849 9,5)
1792 2796 2015 2849 praebent.
2039 2795 2139 2838 Sae-

436 2875 530 2918 culo
569 2880 724 2928 quarto
755 2877 893 2928 Plato,
924 2876 1200 2929 Aristoteles,
1223 2877 1549 2928 Demosthenes,
1581 2874 1819 2918 Aeschines
1849 2887 1899 2918 eo
1929 2875 1996 2918 usi
2025 2880 2139 2928 sunt,

433 2959 530 3008 post
572 2960 757 2998 aetatem
801 2957 991 2999 Atticam
1034 2956 1173 2999 rarius
1221 2956 1421 3009 occurrit,
1467 2957 1543 2998 sed
1587 2968 1721 3008 usque
1753 2957 1806 2997 ad
1839 2959 2026 2998 aetatem
2056 2955 2142 2998 Ro-

435 3048 603 3077 manam
633 3038 747 3089 apud
764 3036 1014 3090 scriptores,
1036 3037 1154 3079 velut
1170 3038 1282 3090 apud
1313 3036 1514 3078 Hermam
1549 3036 1609 3089 (M
1614 3037 1710 3077 and.
1734 3036 1824 3089 Sp),
1842 3034 1941 3077 etin
1962 3034 2140 3094 inscrip-

434 3116 623 3158 tionibus
655 3117 848 3170 exempla
878 3121 1066 3160 exstant.

2340 280 2345 282 ’
2331 131 2358 262 es-*nv-umss
2332 0 2358 124 unz-sa.—
