2358 3782
397 317 441 352 68
1010 315 1054 352 L.
1081 315 1230 351 Ο.ΤΗ.
1266 315 1504 351 TUDEER.
1938 314 2102 358 BXIV„

397 461 591 514 τάγμα
622 473 833 515 agmen,
866 459 1091 501 cohors.

533 551 652 594 Iohn.
688 555 768 594 114
799 551 855 604 (V
887 552 930 604 9)
961 553 1028 597 τίς
1060 548 1086 590 o‘
1117 549 1286 604 τρόπος
1316 550 1401 590 τοῦ
1431 549 1699 603 τάγματ[ος,·

536 665 587 708 Iu
619 664 810 720 margine
840 664 964 707 varia
993 663 1136 707 lectio*
1154 661 1417 717 πράγματος
1447 662 1669 716 adscripta
1698 666 1777 706 est.
2106 708 2108 711 ,

533 745 798 787 Vocabulum
830 756 1064 794 commune,
1097 742 1216 785 cuius
1247 742 1483 795 exemplum
1516 742 1793 785 veterrimum
1812 742 2007 785 hocloco
2030 730 2107 785 Soss

401 825 580 878 phocleo
628 823 827 877 occurrit,
880 835 1014 876 usque
1066 823 1121 865 ad
1165 826 1352 865 aetatem
1397 821 1683 875 Byzantinam
1726 821 1772 864 in
1812 821 1962 876 primis
1993 823 2105 876 apud

403 904 640 958 scriptores
671 903 879 946 orationis
911 903 1079 946 solutae
1109 902 1153 945 in
1183 914 1263 944 usu
1292 901 1387 955 fuit,
1421 901 1517 944 aliis
1548 905 1692 944 autem
1721 900 1830 944 locis
1860 901 1985 944 aliam
2017 900 2104 944 vim

397 997 503 1038 prae
535 997 581 1027 se
601 983 697 1026 fert.
741 984 836 1026 Hoc
857 983 969 1025 enim
988 983 1083 1026 loco
1114 994 1343 1037 gregem
1378 982 1448 1024 vel
1481 993 1679 1035 agmen
1710 979 1937 1036 significat,
1961 983 2107 1024 aetate

396 1064 546 1107 Attica
577 1065 691 1117 apud
721 1064 1048 1116 Xenophontem
1080 1061 1272 1114 aliosque
1303 1073 1500 1115 agmen
1544 1061 1806 1104 militare
1848 1063 1928 1107 est.
1960 1063 2105 1119 aetate

397 1144 594 1187 Romana
619 1143 859 1197 posteriore
882 1142 1012 1185 etiam
1036 1141 1121 1184 vim
1151 1141 1444 1184 factionis
1465 1141 1536 1184 vel
1566 1141 1794 1184 ordinis
1822 1139 2106 1202 hominum

396 1236 502 1278 prae
541 1237 586 1267 se
615 1223 714 1276 fert,
746 1236 871 1276 quam
904 1236 930 1265 a
960 1221 1275 1278 significatione
1306 1221 1482 1264 militari
1512 1221 1658 1275 potius
1684 1234 1816 1274 quam
1837 1233 1864 1263 a
1893 1219 2107 1275 significa-

400 1303 519 1346 tione
548 1303 769 1357 primaeva
800 1302 1042 1346 derivatam
1073 1295 1169 1345 esse
1199 1301 1431 1345 verisimile
1462 1296 1647 1344 videtur.
1680 1301 2104 1344 Commemorandum

397 1387 464 1426 est
485 1379 634 1435 τάγμα
666 1383 751 1425 iam
785 1385 930 1424 aetate
960 1381 1121 1435 Attica,
1154 1382 1283 1424 etiam
1313 1382 1510 1436 legem,
1541 1380 1890 1423 institutum
1922 1379 2107 1434 (Aristo-
2174 1428 2177 1432 ¹

398 1464 507 1506 teles
537 1463 629 1506 Pol.
662 1463 725 1505 IV
743 1466 780 1515 9,
803 1462 1017 1515 1294Be)
1048 1465 1092 1504 et
1123 1465 1267 1504 aetate
1288 1460 1531 1514 posteriore
1574 1463 1788 1503 certam
1820 1447 2106 1514 pecuniae

398 1555 661 1586 summam
692 1542 1080 1595 (Pseudo-Aristot.
1115 1541 1274 1585 Oecon.
1305 1541 1351 1583 II
1388 1544 1496 1583 1349
1528 1541 1638 1597 An)
1669 1540 1929 1594 significare.

400 1702 659 1757 Ρ*τορώς
688 1705 1100 1756 penetranter,
1133 1701 1296 1744 clara
1325 1713 1478 1753 voce,
1511 1700 1843 1754 perspicue.

533 1794 653 1837 Ichn.
688 1797 768 1836 108
802 1793 859 1846 (V
891 1794 933 1846 3)
966 1789 1048 1833 οὔκ
1078 1791 1294 1833 εἰσακούω
1326 1805 1396 1832 πω
1430 1792 1606 1845 [τορῶς
1635 1793 1717 1832 τοῦ
1752 1791 2058 1844 φθ[έγ]ματος,

535 1908 804 1962 Coniectura,
821 1919 905 1960 qua
921 1904 1536 1949 Wilamowitz-Moellendorff
1560 1905 1757 1948 lacunam
1786 1902 1941 1958 papyri
1964 1902 2108 1958 exple-

399 1989 464 2031 vit
508 1988 658 2042 (Eunt,
707 1987 870 2041 Oxyrh.
915 1987 1022 2040 Pap.
1065 1986 1132 2028 IX
1171 1999 1211 2039 p.
1246 1987 1328 2039 72),
1361 1984 1444 2028 etsi
1474 1986 1567 2028 loco
1598 1988 1667 2027 est
1696 1983 1934 2038 aptissima,
1964 1986 2107 2026 tamen

399 2069 524 2111 valde
555 2073 622 2110 est
650 2067 829 2110 incerta.
864 2092 916 2097 ——
949 2066 1213 2109 Vocabulum
1244 2066 1401 2120 τορῶς,
1434 2066 1549 2118 quod
1577 2063 1759 2118 primum
1790 2067 1835 2106 et
1864 2062 1973 2106 satis
2015 2061 2106 2116 qui-

398 2149 492 2190 dem
524 2148 675 2190 crebro
706 2147 750 2189 in
781 2146 1022 2200 tragoediis
1053 2145 1309 2199 Aeschyleis
1341 2143 1540 2193 occurrit,
1573 2148 1619 2186 et
1647 2144 1762 2197 apud
1793 2155 1885 2186 eum
1917 2145 1963 2186 et
1993 2142 2108 2196 apud

399 2227 652 2280 Euripidem
694 2227 790 2280 (Ion
833 2227 932 2280 646)
964 2231 1094 2278 atque
1127 2226 1240 2278 apud
1271 2225 1506 2278 scriptores
1539 2222 1747 2266 orationis
1776 2222 2002 2276 pedestris,
2034 2220 2108 2275 qui

398 2311 541 2349 aetate
586 2308 782 2349 Romana
825 2306 1077 2359 floruerunt,
1124 2305 1242 2348 velut
1289 2306 1404 2358 apud
1445 2304 1723 2346 Plutarchum
1768 2302 1893 2357 (Mor.
1923 2304 2008 2344 '405
2039 2301 2106 2356 Β),

398 2386 579 2429 Dionem
613 2386 805 2429 Cassium
838 2385 1007 2439 (LXIII
1022 2390 1120 2440 15,2,
1143 2385 1307 2427 LXXV
1330 2385 1446 2438 12,ι),
1478 2383 1738 2426 Clementem
1768 2368 2106 2424 Alexandrinum

400 2467 590 2519 aliosque
621 2467 793 2518 clare,
817 2467 981 2509 clara
1011 2478 1163 2518 voce,
1195 2464 1512 2518 perspicue
1543 2462 2104 2518 significat3aetateautem

399 2546 549 2588 Attica
582 2548 696 2599 apud
720 2546 1057 2598 Aristophanem
1072 2546 1197 2598 (Ran.
1224 2547 1348 2599 1102)
1380 2548 1425 2586 et
1454 2544 1676 2586 Platonem
1708 2542 1905 2596 (Theaet.
1938 2544 2018 2583 175
2048 2539 2106 2596 E)

400 2626 703 2668 violenter
736 2626 803 2668 vel
833 2625 1088 2668 fortiter
1120 2624 1349 2678 designare
1381 2623 1566 2666 videtur.

402 2762 425 2788 *
447 2765 517 2816 Τρ
533 2764 551 2801 ἑ
566 2776 592 2814 χ
609 2777 622 2800 ι
638 2776 658 2808 ς

531 2854 619 2896 Ich.
655 2858 739 2897 188
772 2853 894 2907 (VIII
924 2854 968 2906 4)
1000 2850 1073 2893 ὅδε
1105 2851 1141 2905 γ’
1172 2850 1349 2905 οἷγαθός
1380 2850 1402 2891 ό
1442 2851 1628 2903 Τρέ[χις]

537 2956 581 2999 Si
624 2956 912 2998 coniecturam
955 2954 1148 3006 Roberti,
1193 2953 1266 3005 qui
1305 2953 1388 2995 hoc
1418 2964 1569 2994 nomen
1601 2949 1748 3004 Satyri
1778 2962 1873 2992 esse
1905 2948 2106 3002 opinatus

400 3040 467 3079 est
507 3036 622 3087 (vide
664 3036 864 3088 Γροέπις),
898 3035 1197 3088 approbemus,
1228 3032 1298 3075 hic
1327 3031 1582 3075 vocabulum
1614 3027 1738 3077 ἅπαξ
1769 3030 2001 3084 εἰρημένον
2031 3029 2106 3071 ha-

401 3116 559 3158 bemus.
620 3115 915 3158 incertissima
946 3127 1049 3156 sane
1080 3117 1147 3155 est
1177 3113 1436 3163 coniectura,
1468 3111 1543 3153 sed
1563 3109 1877 3153 concedendum
1901 3110 2025 3151 certe
2040 3111 2107 3150 est

405 3196 556 3247 Τρέχις
586 3207 735 3237 nomen
769 3194 930 3247 Satyro
961 3193 1119 3246 optime
1150 3192 1393 3235 convenire.
