2358 3782
386 313 431 347 84
1012 310 1056 348 L.
1084 310 1496 347 0.Tn.'1.¹nnmm
1933 310 2098 355 BXIV„

521 455 705 498 Formae
717 453 844 497 huius
861 453 1060 497 vocabuli
1076 453 1264 503 κέλευμα
1280 452 1553 507 θεκέλευσμα
1568 453 1748 497 inlibris
1766 467 1898 499 manu
1920 454 2096 509 scriptis

388 547 518 588 saepe
547 534 662 577 inter
691 546 738 576 se
769 533 1104 587 confunduntur,
1122 532 1366 576 ut‘difficile
1389 532 1447 576 sit
1462 532 1713 585 diiudicata,
1732 545 1940 596 quaenam
1957 533 2098 578 forma

389 618 534 658 aetate
565 626 734 667 quaque
763 612 1073 667 praevaluerit.
1118 613 1171 656 Iu
1199 612 1309 656 libro
1341 612 1537 656 Mediceo
1569 611 1812 656 fabularum
1835 613 2097 668 Aeschylea-

386 707 493 747 rum,
526 706 636 747 quae
664 692 898 736 veterrima
926 693 1079 735 horum
1113 693 1415 736 vocabulorum
1446 693 1641 747 exempla
1669 692 1892 746 praebent,
1932 694 2098 738 duobus

386 774 493 817 locis
540 772 729 825 κέλευμα
773 772 980 816 scribitur
1023 772 1160 826 (Pers.
1205 777 1300 825 397,
1345 772 1530 826 Choeph.
1575 774 1673 827 751)
1717 773 1847 817 tertio
1891 785 1994 816 vero
2036 776 2098 815 κέ-

386 853 556 906 λευσμα
601 853 740 908 (Eum.
788 856 903 904 235).
951 852 1041 895 Illis
1073 852 1191 895 nisus
1221 851 1665 897 Dindorf·lectionem
1693 853 1823 897 etiam
1852 854 2098 909 Antigonae

389 932 654 986 Sophocleae
684 934 830 986 (1219)
861 930 1159 985 κελεύσμασιν
1188 932 1233 976 in
1263 931 1529 983 κελεύμασιν
1559 932 1756 988 mutavit,
1788 945 1898 986 quae
1934 934 2099 978 coniec-

385 998 487 1056 tura
525 1013 578 1056 ab
619 1012 714 1055 aliis
754 1013 1010 1066 approbata,
1043 1012 1096 1054 ab
1128 1011 1225 1055 aliis
1255 1012 1419 1055 reiecta
1447 1012 1529 1055 hac
1559 1013 1864 1056 Ichneutarum
1908 1013 2099 1057 lectione

388 1092 631 1136 confirmari
664 1091 846 1135 videtur.
909 1091 1011 1134 Cum
1044 1095 1185 1134 autem
1217 1093 1331 1145 apud
1362 1091 1470 1134 alios
1500 1091 1735 1146 scriptores
1765 1093 1928 1136 saeculi
1948 1093 2098 1152 ,quinti

389 1173 618 1225 quartique
661 1173 744 1214 hae
788 1171 951 1214 formae
991 1171 1233 1225 promiscue
1263 1174 1502 1224 occurrant,
1535 1171 1824 1214 confitendum
1854 1176 1934 1225 est,
1964 1184 2098 1228 papy-

384 1265 476 1295 rum
519 1255 712 1295 nostram
754 1253 942 1295 secundo
979 1264 1021 1305 p.
1055 1251 1151 1294 Chr.
1185 1264 1226 1293 n.
1259 1251 1430 1294 saeculo
1475 1251 1762 1305 conscriptam
1804 1251 2098 1307 quaestionem

385 1332 556 1374 solvere
587 1344 672 1374 non
702 1343 841 1386 posse,
874 1334 975 1373 utra
1003 1330 1145 1373 forma
1175 1333 1321 1373 aetate
1351 1330 1501 1373 Attica
1523 1331 1820 1384 praevaluerit
1852 1312 1922 1386 (cf.
1952 1311 2096 1376 tamen

387 1411 582 1464 Cronert,
620 1411 745 1454 Mem.
779 1411 855 1454 Gr.
887 1411 1017 1454 Herc.
1048 1423 1089 1464 p.
1122 1412 1254 1464 227⁵).

383 1551 626 1605 κέρχνος
657 1547 1087 1601 raucitas,vox
1117 1559 1310 1591 rauca.
1637 1589 1640 1592 Α

517 1628 637 1672 Ichn.
672 1632 755 1671 128
788 1628 844 1683 (V
875 1629 946 1683 23)
980 1627 1138 1682 οἷ[γχοῦ
1168 1640 1235 1676 τις
1272 1625 1387 1691 ἰ’]χ1ε]ιι
1411 1629 1603 1681 κέρχνος·

519 1732 614 1775 Hoc
659 1731 917 1775 vocabulum
964 1731 1077 1774 sicut
1108 1730 1238 1774 etiam
1278 1730 1365 1773 alia
1395 1743 1449 1773 ex
1478 1732 1626 1773 eadem
1656 1730 2024 1784 stirpexderivata
2051 1730 2098 1774 in

384 1812 535 1867 primis
579 1814 695 1867 apud
739 1812 990 1866 scriptores,
1038 1811 1111 1865 qui
1141 1815 1283 1854 artem
1315 1811 1520 1854 medicam
1551 1814 1758 1865 tractant,
1789 1810 1987 1862 occurrit,
2020 1811 2096 1854 sed

387 1892 590 1935 cotidiani
635 1891 846 1935 sermonis
893 1892 1067 1935 videtur
1111 1904 1219 1934 esse.
1280 1891 1524 1934 Veterrima
1568 1891 1659 1934 eius
1691 1891 1886 1945 exempla
1914 1890 2098 1944 praebet

385 1973 629 2026 Sophocles,
663 1972 847 2015 alterum
888 1972 969 2014 hoc
1010 1971 1115 2020 loco,
1145 1970 1222 2023 vubi
1266 1984 1290 2013 e
1331 1970 1643 2014 sententiarum
1689 1983 1812 2025 nexu,
1856 1970 1940 2014 etsi
1974 1970 2098 2013 muti-

383 2053 452 2095 lae
481 2052 581 2105 sint,
614 2057 799 2106 apparet
839 2053 1016 2106 κέρχνος
1056 2064 1247 2094 vocem
1289 2063 1518 2094 raucam
1551 2053 1596 2105 (a
1624 2052 1816 2104 harsh,
1847 2050 2098 2109 gratijng

385 2134 568 2176 sound
613 2133 746 2186 Hunt,
796 2132 959 2186 Oxyrh.
991 2132 1096 2185 Pap.
1129 2132 1196 2174 IX
1225 2145 1264 2185 p.
1300 2134 1369 2186 73)
1400 2131 1658 2186 significare,
1691 2132 1874 2174 alterum
1904 2132 1948 2174 in
1978 2131 2094 2188 frag-

385 2216 528 2256 mento
559 2212 711 2255 Inachi
744 2212 929 2266 fabulae,
953 2224 1080 2265 quam
1101 2211 1339 2265 satyricam
1366 2223 1460 2254 esse
1477 2211 1708 2265 perhibent
1728 2211 1797 2266 (fr.
1814 2215 1895 2254 257
1912 2211 2095 2267 Nauck).

386 2293 437 2336 In
458 2305 587 2336 versu
616 2292 784 2335 Inachi:
818 2292 988 2346 τραχύς
1021 2291 1210 2346 χελώνης
1240 2293 1419 2347 κέρχνος
1459 2291 1753 2340 ἐξανίσταται
1794 2292 1906 2334 hane
1946 2304 2096 2335 vocem

391 2373 749 2427 asperitatis
794 2372 878 2415 vim
913 2385 1018 2425 prae
1051 2384 1098 2415 se
1127 2371 1243 2415 ferre
1276 2371 1359 2414 viri
1391 2370 1508 2414 docti
1537 2371 1700 2425 opinati
1720 2374 1821 2413 sunt
1841 2370 1913 2426 (cf.
1944 2371 2096 2414 Lexici

386 2453 655 2497 Passowiani
690 2454 756 2496 ed.
793 2452 833 2494 V
868 2456 913 2495 et
947 2451 1331 2495 EllendteGrenthe:
1368 2451 1559 2494 Lexicon
1597 2450 1911 2506 Sophocleum),
1944 2452 2020 2494 sed
2048 2463 2096 2494 re

386 2545 493 2576 vera
528 2533 701 2576 videtur
739 2533 946 2575 vocabulo
984 2534 1162 2586 κέρχνος
1198 2531 1327 2574 etiam
1364 2543 1414 2574 eo
1446 2531 1538 2574 loco
1577 2530 1745 2574 vocis
1786 2542 1999 2573 raucae
2028 2531 2096 2574 vis

389 2612 583 2656 subiecta
613 2625 719 2655 esse.

386 2748 674 2796 *κλοπεύς
703 2749 808 2792 fur.

523 2830 641 2872 Ichn.
674 2832 898 2872 326—327
931 2828 1062 2883 (XIII
1094 2830 1277 2883 10—11)
1309 2826 1388 2869 οὐκ
1413 2826 1545 2876 ἄλλος
1581 2827 1706 2869 ἐστὶν
1736 2825 2095 2882 κλ[οπευ“ς]1α’ντ’

524 2908 707 2958 ἐκείνου,

524 3011 664 3054 Huius
704 3011 918 3064 vocabuli,
964 3023 1046 3063 quo
1093 3014 1298 3063 quantum
1329 3010 1526 3063 equidem
1558 3008 1661 3061 scio,
1693 3021 1802 3051 unus
1848 3008 2092 3062 Sophocles,

387 3091 426 3135 is
457 3091 625 3145 quidem
657 3092 822 3134 duobus
853 3090 959 3133 locis
989 3090 1115 3145 (Phil.
1139 3095 1206 3143 77,
1238 3091 1339 3132 Ant.
1362 3091 1476 3144 493),
1499 3102 1600 3132 usus
1623 3093 1703 3140 est,
1725 3089 1961 3131 Ichneutae
1981 3100 2095 3130 nunc

388 3172 565 3214 tertium
615 3171 853 3224 exemplum
903 3171 1125 3224 praebent.
1197 3170 1453 3212 Eustathius
1499 3169 1668 3223 quidem
1714 3170 1796 3211 hoc
1839 3168 2093 3211 vocabulum
