2358 3782
431 334 476 369 22
534 351 537 355 ⁴
1058 337 1100 372 L.
1127 337 1539 377 O.Tn.Tnnmnn.
1971 343 2139 383 BXIV.4

431 477 457 532 ἢ
491 476 634 533 ὄφεως·
676 483 749 519 καὶ
792 482 888 523 τῶν
933 480 1212 533 ἐκδυομένων
1254 484 1330 525 sed
1377 483 1506 526 etiam
1538 478 1655 532 εἶδος
1685 481 1844 538 ὀρνέου
1876 485 1982 529 dicit
2010 474 2140 530 nullis

431 558 638 611 exemplis
668 571 691 601 e
722 558 1006 612 scriptoribus
1037 560 1219 604 Graecis
1250 562 1460 605 adductis.
1791 548 1794 549 ⁷

571 637 750 681 Carolus
780 639 956 691 Robert‚
987 640 1056 683 vir
1085 632 1358 684 clarissimus
1380 643 1580 695 (Hermes
1610 647 1663 686 47
1695 655 1764 697 pp.
1804 647 2047 700 548—549)
2077 646 2139 689 Si-

432 716 574 759 lenum
606 717 650 759 in
682 731 749 760 vv.
785 722 1008 762 170—196
1039 720 1222 773 Satyros
1254 720 1448 775 singulos
1488 722 1674 777 vestigia
1714 724 1839 766 boum
1882 724 2140 780 indagantes

430 796 680 840 nominatim
727 799 998 841 adhortatum
1031 812 1126 842 esse
1174 799 1373 854 opinatus
1419 806 1499 845 est.
1559 801 1786 857 Ingeniose
1817 804 1927 846 eni-m
1958 804 2142 848 coniecit

436 888 587 918 versus
615 881 695 919 170
715 881 760 919 et
780 882 1025 931 sequentes,
1048 879 1120 932 qui
1150 878 1194 921 in
1225 892 1393 934 papyro
1427 882 1555 924 choro
1587 887 1687 924 sunt
1716 882 1882 936 tributi,
1915 883 2141 928 maximam

434 960 599 1008 partem
632 955 774 999 Sileno
806 970 900 1000 esse
933 958 1257 1001 adiudicandos.
1304 960 1510 1003 Versibus
1532 962 1758 1004 admodum
1781 962 1990 1006 mutilatis
2020 967 2140 1007 certo

433 1036 556 1090 argui
587 1049 671 1078 non
700 1040 857 1089 potest,
890 1040 993 1089 quot
1024 1038 1327 1081 choreutarum
1348 1040 1430 1083 hoc
1453 1043 1576 1083 modo
1599 1041 1807 1084 nominati
1823 1041 1922 1084 sint.
1962 1041 2142 1098 Integra
2187 1047 2191 1052 '

434 1115 558 1170 enim,
605 1119 653 1158 ut
694 1116 909 1168 videntur,
947 1118 1054 1160 haec
1096 1123 1196 1161 sunt
1226 1120 1418 1163 nomina:
1452 1123 1489 1160 Γ
1487 1121 1621 1174 ράπις
1652 1122 1783 1177 (177),
1814 1120 1981 1177 Δράκις
2012 1125 2141 1178 (177),

439 1193 606 1249 Οιῗρίας
648 1198 778 1250 (178),
823 1197 1047 1250 Στράτιος
1092 1199 1222 1253 (183).
1273 1199 1420 1242 Etiam
1447 1199 1630 1258 Τρέ[χις]
1662 1202 1779 1255 (188)
1810 1207 1854 1244 et
1886 1199 2142 1264 Κρ[ο]κί[ας]

432 1275 498 1317 vel
536 1277 785 1330 Κρ[ε]κι’[ας]
818 1278 935 1331 (186)
967 1282 1012 1320 et
1042 1277 1292 1336 Μέθυ[σος]
1323 1280 1394 1322 vel
1419 1279 1662 1334 Μεθύων]
1695 1283 1813 1335 (179)
1849 1281 2022 1324 nomina
2047 1294 2142 1325 esse

435 1355 633 1398 conicere
677 1356 792 1409 licet,
838 1357 921 1399 etsi
967 1370 1078 1410 quae
1122 1358 1344 1412 supplevit
1382 1359 1548 1403 Robert
1587 1360 1757 1404 incerta
1787 1365 1898 1404 sunt.
1960 1361 2142 1406 Omnino

437 1439 581 1478 autem
625 1435 846 1479 sententia
890 1437 978 1489 illa,
1011 1438 1093 1480 etsi
1137 1438 1273 1492 primo
1320 1443 1499 1492 aspectu
1530 1439 1694 1493 aliquid
1729 1441 1830 1484 novi
1860 1445 1904 1484 et
1931 1441 2143 1495 inopinati

436 1516 596 1558 habere
641 1516 855 1569 videatur,
902 1520 1110 1569 quantum
1142 1519 1337 1571 equidem
1379 1518 1572 1564 iudicare
1602 1532 1788 1576 possum,
1820 1522 2044 1564 admodum
2075 1525 2144 1564 est

433 1597 727 1650 approbanda.
771 1596 933 1640 Chorus
956 1610 1060 1640 sane
1084 1598 1278 1653 tragicus
1292 1602 1410 1642 totus
1425 1599 1560 1653 unius,
1576 1604 1624 1642 ut
1638 1601 1780 1644 verbis
1794 1601 1880 1644 illis
1893 1606 1994 1644 utar
2005 1602 2142 1645 Hora·

428 1676 571 1730 tianis‚
613 1677 846 1720 actoris
896 1677 1101 1734 pasrtes
1151 1678 1537 1733 officiumque
1589 1680 1768 1723 virile
1820 1681 2142 1724 defendere

435 1769 745 1810 personamque
766 1758 1013 1811 plerumque
1035 1758 1226 1801 civitatis
1249 1759 1317 1802 vel
1336 1759 1506 1802 consilii
1525 1760 1592 1803 vel
1609 1764 1810 1804 catervae
1828 1761 2047 1804 cuiusdam
2069 1773 2141 1818 ge-

433 1849 528 1879 rere
550 1837 673 1879 solet.
704 1838 763 1879 At
785 1850 876 1880 cum
894 1838 940 1880 in
956 1837 1114 1880 fabulis
1130 1838 1310 1893 tragicis
1329 1839 1541 1882 nonnullis
1559 1841 1714 1883 chorus
1734 1854 1781 1883 re
1797 1853 1901 1884 vera
1921 1840 2141 1896 particeps

431 1921 498 1958 est
529 1916 723 1969 actionis,
756 1920 845 1959 tum
876 1917 920 1959 in
945 1917 1103 1960 fabulis
1131 1918 1306 1961 comicis
1327 1919 1628 1962 choreutarum
1650 1924 1798 1973 partes
1816 1932 2137 1974 nonnumquam

432 1996 660 2039 distinctas
708 2003 802 2039 esse
848 1998 932 2039 iam
975 1997 1195 2052 Vollgraff
1241 2001 1295 2041 ad
1327 1999 1658 2042 confirmandam
1688 2000 1871 2043 Roberti
1901 2000 2143 2054 opinionem

434 2076 644 2120 indicavit
674 2078 970 2133 (Mnemosyne
1001 2079 1083 2122 NS.
1116 2084 1170 2122 42
1201 2093 1242 2132 p.
1278 2081 1387 2133 165).
1434 2079 1634 2122 Ostendit
1664 2074 1773 2122 enim
1804 2080 1848 2123 in
1889 2081 2142 2134 quibusdam

433 2157 664 2200 comoediis
682 2158 986 2212 Aristophanis
1017 2161 1246 2202 choreutas
1276 2159 1466 2214 singulos
1490 2159 1735 2202 nominatim
1765 2160 2005 2214 appellatos
2034 2172 2142 2215 esse,

431 2237 544 2288 quod
588 2237 655 2279 vel
690 2237 884 2290 pluribus
921 2251 1047 2291 quam
1087 2251 1196 2291 quae
1241 2239 1388 2280 attulit
1419 2238 1637 2292 exemplis,
1670 2239 1707 2281 si
1737 2251 1914 2282 necesse
1944 2239 2013 2293 sit,
2046 2252 2144 2283 con-

432 2315 594 2359 firmari
629 2322 787 2370 potest.
834 2318 893 2360 Et
923 2322 1042 2361 certe
1073 2319 1243 2372 quidem
1275 2319 1458 2373 nomina,
1492 2318 1644 2371 quibus
1676 2320 1906 2362 Choreutae
1929 2320 2143 2373 appellan-

439 2401 522 2440 tur.
555 2398 712 2451 partim
758 2399 908 2442 saltem
943 2401 996 2441 ad
1027 2399 1210 2442 indolem
1243 2399 1484 2442 fabularum
1532 2402 1859 2443 accommodata⁴
1883 2403 1995 2456 sunt.⁴
2045 2400 2143 2443 Ari-

432 2478 665 2530 stophanes
703 2478 815 2521 enim
861 2479 904 2521 in
948 2479 1300 2522 Acharnensibus
1345 2479 1460 2521 inter
1503 2479 1589 2522 alia
1635 2481 1933 2523 choreutarum
1971 2480 2142 2523 nomina

437 2556 702 2613 Μαριλάδης
746 2559 877 2612 (609),
921 2563 965 2602 et
1009 2557 1222 2614 Πρινίδης
1268 2560 1385 2613 (612)
1433 2559 1699 2602 carbonariis
1745 2551 1970 2613 aptissima
2000 2558 2140 2612 affert,

436 2637 480 2679 in
523 2639 636 2680 Pace
678 2633 824 2692 (1142)
859 2637 1153 2693 Κωμαρχίδην
1182 2639 1388 2681 rusticum
1421 2639 1625 2693 nominat,
1657 2639 1699 2682 in
1732 2634 1982 2694 Lysistrata
2012 2641 2142 2680 Νικο-
2175 2625 2178 2627 ’

435 2717 560 2773 δίκην
590 2720 705 2772 (321)
736 2723 780 2761 et
809 2717 1064 2774 Ῥοδίππην
1094 2721 1211 2774 (370)
1241 2719 1421 2762 feminas
1445 2720 1650 2773 appellat.
1696 2719 1801 2762 Alia
1841 2721 2140 2763 choreutarum

431 2798 615 2850 nomina,
661 2811 769 2851 quae
815 2798 882 2841 his
912 2798 957 2840 in
1000 2799 1230 2841 comoediis
1272 2799 1559 2852 inveniuntur,
1602 2798 1842 2857 fabularum
1874 2799 2140 2853 singularum

434 2877 567 2920 indoli
600 2890 681 2920 non
714 2880 923 2931 adaptata
955 2890 1050 2920 esse
1071 2877 1287 2921 videntur.
1331 2878 1512 2921 Nomina
1534 2884 1674 2921 autem
1699 2878 1966 2932 Satyrorum,
1987 2871 2141 2931 quibus

435 2958 602 3000 Robert
632 2957 885 3011 Sophoclem
908 2957 977 3000 hic
999 2970 1119 3000 usum
1151 2971 1246 3001 esse
1276 2963 1413 3012 putat,
1446 2958 1499 3001 iis
1522 2957 1748 3011 aptissima
1769 2962 1881 3000 sunt.
1915 2958 2014 3000 Alia
2029 2957 2140 3001 enim

433 3037 625 3090 corporis
670 3037 862 3080 habitum
907 3037 1112 3089 indicant,
1159 3042 1208 3080 ut
1252 3038 1433 3090 Γροὶπις,
1467 3038 1645 3091 Δράκις,
1679 3040 1867 3092 Κροκέας
1899 3037 2139 3092 (Kos-nm),

430 3117 515 3159 alia
545 3117 743 3169 indolem,
775 3122 822 3159 ut
855 3119 1017 3171 Τρέχις,
1049 3119 1262 3165 Μέθυσος
1293 3118 1527 3171 Στράτιος.
1585 3117 1733 3159 Utrum
1771 3115 1939 3172 Ου’ρίας
1968 3118 2022 3159 ad
2044 3129 2140 3170 spe-

432 3196 538 3238 ciem
578 3209 631 3238 an
674 3198 728 3239 ad
768 3196 954 3239 indolem
996 3196 1216 3250 respiciat,
1248 3196 1477 3239 diiudicari
1517 3209 1599 3239 non
1631 3200 1788 3249 potest,
1819 3196 1901 3239 etsi
1933 3195 1973 3238 ei
2006 3195 2140 3251 magis
