2358 3782
445 343 491 377 32
1053 340 1534 377 L.O.Tn.'1.¹un1mn.
1983 341 2156 384 BXIV‚⁴

585 487 680 528 Hoc
725 485 947 533 vocabulo,
980 484 1099 526 cuius
1145 483 1324 537 primum
1371 485 1606 538 exemplum
1653 485 1894 539 Aeschylus
1924 485 2022 540 (Ag.
2054 486 2154 538 368)

446 566 637 619 praebet,
671 564 800 607 etiam
839 564 1073 618 Euripides
1120 564 1293 617 (Bacch.
1334 568 1431 615 352,
1463 567 1564 619 817)
1607 577 1709 607 usus
1739 567 1825 615 est3
1858 563 2010 606 deinde
2040 565 2156 618 apud

448 645 717 687 Timotheum
746 645 924 697 (Persae
959 645 1055 697 161)
1103 643 1277 697 legitur.
1345 646 1504 686 Aetate
1548 643 1834 686 Hellenistica
1874 647 1919 685 et
1961 644 2157 690 Romana

450 725 562 778 apud
604 724 839 777 scriptores
885 723 1094 766 orationis
1141 723 1306 766 solutae
1352 723 1472 766 velut
1516 722 1793 777 Polyaenum,
1840 722 2075 766 Lucianum
2112 725 2158 766 et

419 813 422 815 ’
450 808 667 847 auctorem
699 806 1048 858 argumentorum
1078 803 1318 846 fabularum
1340 802 1570 856 Menandri
1589 815 1728 857 nuper
1748 815 1774 844 a
1793 802 2154 857 Huntio⁴(Oxyrh.

451 885 558 938 Pap.
589 885 633 926 X
665 886 845 938 1235,49)
876 883 1089 926 editorum
1122 883 1397 926 occurrit.—·
1427 883 1569 926 Verbo
1596 881 1782 936 simplici
1805 882 2011 936 ἰχνεύειν,
2036 881 2156 925 cuius

450 964 726 1007 veterrimum
769 964 1007 1017 exemplum
1051 964 1266 1006 Pindarus
1299 963 1447 1016 (Pyth.
1481 964 1575 1015 Sus)
1606 963 1801 1016 praebet,
1834 965 1879 1004 et
1919 967 2073 1015 poetae
2113 965 2159 1005 et

389 1089 395 1095 ,
449 1045 686 1098 scriptores
717 1043 923 1087 orationis
943 1044 1112 1086 solutae
1135 1047 1280 1086 aetate
1310 1042 1461 1085 Attica
1489 1042 1858 1094 Hellenisticaque
1891 1041 1958 1084 usi
1986 1044 2098 1084 sunt.

452 1192 925 1245 *ἐξοργίζεσθαι
957 1190 1141 1233 animo
1174 1183 1347 1232 valde
1379 1188 1760 1243 perturbari?
2041 1237 2043 1242 ¹

589 1273 705 1315 Ichn.
741 1275 819 1314 137
852 1271 932 1324 (VI
963 1272 1004 1324 5)
1037 1269 1150 1327 [ο]ἳῳ
1186 1269 1496 1327 ’κπ[λ]αγε’ντες
1525 1267 1686 1311 ἐνθάδ’
1716 1246 2056 1327 ἐξ[ιωρ]γι’σμεθὰ

588 1375 639 1417 Ι11
659 1374 852 1429 margine
882 1372 1038 1426 papyri
1069 1371 1193 1414 varia
1221 1371 1349 1414 lectio
1380 1371 1645 1423 ἐξενίσμεθα
1676 1383 1729 1413 ex
1759 1370 1990 1424 exemplari
2024 1370 2159 1414 Theo-

454 1455 519 1497 nis
542 1453 761 1507 adscripta
783 1458 862 1496 est.

590 1536 777 1588 Propter
807 1535 1003 1576 lacunam
1035 1546 1117 1575 non
1150 1536 1334 1585 constat,
1367 1543 1575 1584 quaenam
1607 1531 1666 1577 sit
1694 1530 1953 1574 vera-huius
1974 1530 2059 1574 loci
2078 1529 2161 1574 lec-

452 1616 526 1667 tio,
558 1596 862 1668 ἐξωργίσμεθα
895 1619 1036 1655 autem
1080 1611 1221 1665 spatio
1252 1611 1410 1665 optime
1442 1614 1585 1664 aptum
1623 1613 1710 1672 best.
1758 1610 1898 1652 Huius
1943 1623 2046 1654 sane
2088 1623 2161 1654 vo·

454 1694 594 1737 cabuli
640 1692 999 1747 significationem
1045 1691 1357 1734 sententiarum
1404 1689 1535 1733 nexui
1578 1702 1662 1732 non
1699 1690 1930 1732 convenire
1961 1689 2162 1743 opinatus

455 1774 521 1817 vir
542 1773 815 1815 doctissimus
846 1772 968 1814 Hunt
987 1771 1029 1812 in
1063 1774 1229 1813 textum
1262 1769 1488 1812 lectionem
1512 1769 1673 1811 variam
1698 1768 1964 1830 ἐξεγίσμεθα
1983 1769 2161 1823 recepit,

456 1854 538 1896 etsi
554 1852 813 1908 significatio
846 1863 1102 1905 expaves
1119 1849 1304 1902 cendi,
1337 1862 1360 1892 o
1378 1849 1621 1903 bstupes
1639 1848 1821 1901 cendi,
1853 1861 1962 1902 quae
1983 1861 2010 1892 a
2030 1852 2162 1903 p'oeta

454 1934 555 1976 huic
585 1933 791 1976 vocabulo
825 1931 1020 1975 subiecta
1051 1931 1121 1983 sit,
1164 1943 1249 1973 non
1296 1930 1379 1973 nisi
1425 1933 1570 1973 aetate
1611 1929 1903 1973 Hellenistica·
1923 1928 2163 1982 posteriore

456 2015 735 2066 Romanaque
767 2016 980 2056 occurrat.
1043 2013 1102 2053 At
1134 2011 1278 2054 faeere
1308 2010 1504 2063 equidem
1535 2023 1620 2053 non
1651 2010 1772 2063 potui
1804 2008 1907 2062 quin
1937 2008 2163 2052 lectionem

455 2092 677 2148 papyri‚si
698 2096 816 2135 recte
847 2092 1149 2145 expletaesset
1170 2092 1337 2141 lacuna,
1370 2089 1639 2132 retinendam
1670 2093 1764 2132 esse
1795 2093 2004 2142 putarem.
2038 2086 2164 2131 Diffi-

456 2173 538 2216 cile
568 2172 678 2216 enim
710 2176 778 2215 est
808 2171 1039 2224 explicare,
1074 2183 1156 2223 quo
1189 2171 1312 2212 modo
1348 2169 1615 2221 ἐξενίσμεθα
1656 2168 1701 2211 in
1738 2168 2043 2224 ἐξωργίσμεθα
2079 2180 2164 2210 mu-

457 2257 595 2295 tatum
617 2252 685 2305 sit,
702 2265 796 2295 cum
828 2250 1072 2293 memineris
1103 2251 1293 2303 verbum,
1327 2250 1440 2302 quod
1470 2252 1538 2291 est
1556 2248 1873 2302 ἐξοργίζεσθαι,
1896 2247 2024 2302 vulgo
2045 2251 2164 2290 certe

398 2343 400 2345 ·
457 2333 546 2375 ira
591 2333 769 2375 exard
788 2344 841 2374 es
858 2331 1024 2374 cendi
1069 2330 1152 2372 vim
1199 2341 1305 2383 prae
1335 2341 1380 2371 se
1410 2328 1538 2378 ferre,
1572 2340 1681 2380 quae
1712 2339 1738 2369 a
1768 2339 1895 2370 sensu
1925 2327 2051 2370 huius
2080 2327 2165 2370 loci

457 2425 634 2466 prorsus
679 2413 913 2454 abhorrere
958 2410 1173 2462 Videatur,
1220 2410 1368 2452 eadem
1416 2412 1558 2451 autem
1600 2409 1654 2450 de
1683 2419 1814 2450 causa
1842 2406 2042 2450 facillime
2071 2406 2166 2452 fieri

457 2491 662 2546 potuisse,
680 2495 728 2534 ut
757 2504 836 2544 pro
868 2491 1173 2543 ἐξωργίσμεθα
1206 2502 1232 2531 a
1261 2488 1438 2531 librario
1471 2489 1653 2541 quodam
1678 2486 1835 2530 aetatis
1856 2485 2163 2529 Hellenisticae

458 2571 529 2614 vel
557 2571 778 2613 Romanae
808 2570 1074 2620 ἐξενίσμεθα
1104 2569 1207 2611 illud
1239 2568 1297 2610 sit
1327 2567 1544 2621 scriptum.
1605 2566 1758 2610 Nonne
1789 2569 1931 2608 autem
1960 2564 2177 2628 ἐξοργίζερ

462 2653 575 2691 σθαι
619 2650 828 2693 vocabulo
861 2647 1230 2702 perturbationem
1262 2647 1392 2689 animi
1438 2660 1524 2690 non
1563 2647 1630 2689 ira
1658 2647 1735 2689 sed
1766 2645 1848 2688 alio
1879 2646 2063 2698 quodam
2092 2644 2166 2689 im-

458 2736 563 2785 petu
584 2730 746 2773 irritati
766 2729 1003 2784 significari
1032 2727 1257 2782 potuerit?
1293 2727 1498 2769 Primitus
1519 2730 1635 2770 certe
1665 2724 1769 2781 ὀργή
1799 2737 1886 2768 11011
1913 2724 2060 2768 iram
2091 2725 2166 2767 sed

461 2812 714 2854 indolem
745 2810 916 2853 omnino
969 2809 1142 2851 animi
1184 2813 1228 2851 et
1259 2808 1411 2850 deinde
1442 2808 1833 2850 vehementem
1865 2803 2028 2846 animi
2071 2803 2167 2847 im—

463 2896 657 2945 petum
703 2890 971 2945 significasse
1017 2892 1200 2932 constat.
1261 2887 1405 2930 Etiam
1446 2888 1558 2940 apud
1589 2885 1840 2939 Sophoclem
1870 2883 2068 2937 exempla
2098 2895 2166 2926 oc-

461 2975 653 3022 currunt,
685 2969 755 3012 ubi
788 2968 894 3022 ὀργή
927 2970 1112 3011 nondum
1144 2968 1269 3010 irae
1301 2967 1386 3010 vim
1419 2968 1621 3020 adeptum
1653 2965 1712 3008 sit
1741 2965 1793 3018 (e.
1816 2976 1855 3018 g.
1903 2962 1992 3006 OR.
2026 2963 2165 3016 1241).

462 3050 543 3093 His
587 3049 867 3092 consideratis
911 3047 1014 3090 mihi
1053 3060 1189 3101 paene
1231 3059 1481 3100 persuasum
1525 3049 1604 3098 est,
1651 3043 1780 3087 etiam
1831 3043 1961 3086 verbo
2003 3041 2166 3097 ἐξοργί-

463 3130 620 3178 ζεσθαι
651 3130 732 3172 hoc
762 3130 854 3171 loco
886 3128 970 3170 vim
1003 3127 1173 3170 omnino
1206 3126 1334 3169 animi
1366 3124 1704 3180 perturbationis
1734 3123 1805 3166 vel
1834 3121 1965 3165 animi
1984 3121 2167 3175 impetus

464 3223 619 3252 messe.
