2358 3782
1046 1137 1090 1181 Ι.

199 1316 523 1387 Ichneutarum
555 1341 895 1395 Sophocleorum
928 1341 1176 1395 fragmenta
1204 1340 1281 1383 illa
1301 1340 1631 1395 pretiosissima,
1656 1355 1766 1395 quae
1788 1356 1811 1386 e
1833 1343 1924 1386 solo

196 1421 396 1477 Aegypti
440 1421 563 1465 arido
606 1421 652 1464 in
696 1422 835 1464 lucem
868 1421 1043 1464 reddita
1072 1422 1261 1464 Arturus
1305 1421 1348 1465 S.
1379 1422 1518 1475 Hunt,
1550 1422 1620 1465 vir
1650 1421 1947 1467 doctissimus

193 1502 435 1556 harumque
476 1515 621 1546 rerum
660 1502 790 1558 longe
823 1501 1124 1556 peritissimus,
1155 1502 1317 1556 publici
1346 1502 1454 1546 iuris
1484 1502 1602 1555 fecit,
1634 1515 1783 1559 eaque,
1816 1517 1926 1558 quae

192 1584 254 1627 ad
295 1582 598 1638 explicandum
637 1586 940 1638 argumentum
974 1582 1056 1626 viri
1089 1583 1205 1626 docti
1237 1583 1516 1637 scripserant,
1548 1597 1629 1639 ego
1662 1597 1757 1627 cum
1788 1585 1925 1638 perle-

192 1675 358 1719 gerem,
389 1665 497 1707 duas
528 1662 763 1718 praecipue
794 1675 864 1706 res
893 1662 1057 1709 notavi.
1088 1662 1272 1716 primum
1303 1663 1491 1706 indolem
1522 1663 1768 1707 fabularum
1809 1669 1925 1720 saty-

191 1743 385 1788 ricarum
428 1748 666 1797 artemque,
712 1757 798 1797 qua
841 1743 1076 1798 Sophocles
1107 1743 1238 1786 etiam
1269 1743 1318 1806 in
1345 1743 1591 1787 huiusmodi
1621 1744 1780 1788 fabulis
1813 1758 1925 1789 com·

193 1825 408 1880 ponendis
429 1824 700 1878 excelluerit,
725 1824 844 1868 hisce
874 1823 1071 1877 reliquiis
1100 1823 1188 1866 iam
1210 1837 1294 1867 non
1319 1825 1596 1868 mediocriter
1616 1838 1713 1869 esse
1733 1825 1924 1870 illustra-

191 1906 298 1954 tam,
330 1903 486 1948 deinde
517 1917 622 1948 vero
652 1904 788 1947 multa
820 1905 961 1947 adhuc
992 1908 1176 1957 restare,
1210 1917 1334 1959 quae,
1354 1904 1525 1948 etiamsi
1547 1904 1633 1948 viri
1654 1906 1777 1950 multi
1799 1907 1925 1961 eique

195 1985 469 2040 sagacissimi
512 1985 579 2028 his
618 1986 748 2028 rebus
779 1997 957 2039 operam
989 1987 1217 2039 dederunt,
1249 1987 1439 2029 nondum
1469 1986 1644 2039 penitus
1676 1992 1823 2030 essent
1853 2001 1925 2031 cx-

190 2064 369 2120 plicata.
430 2064 481 2108 In
524 2065 676 2120 primis
722 2069 866 2108 autem
910 2065 1055 2108 facere
1096 2079 1182 2108 non
1225 2066 1361 2119 potui,
1394 2065 1497 2119 quin
1529 2066 1923 2111 animadverterem

193 2145 306 2190 hanc
335 2145 542 2200 fabulam,
586 2146 708 2189 6111118·
740 2158 846 2189 83116
878 2146 952 2189 vix
984 2145 1164 2188 dimidia
1193 2158 1295 2199 pars
1327 2150 1395 2189 est
1424 2151 1616 2197 servata,
1649 2147 1758 2191 satis
1789 2149 1924 2192 multa

193 2227 421 2282 praebere,
453 2239 564 2281 quae
595 2229 651 2270 ad
672 2227 843 2270 lexicon
865 2227 1150 2281 Sophocleum
1175 2229 1375 2271 addenda
1395 2241 1491 2271 esse
1514 2228 1779 2272 viderentur.
1827 2229 1924 2284 Qua

189 2308 247 2351 de
293 2319 427 2352 causa
472 2307 576 2351 mihi
620 2308 842 2362 proposui,
875 2313 924 2351 ut
954 2321 1040 2351 non
1083 2309 1216 2351 solum
1249 2309 1465 2352 vocabula
1495 2309 1803 2353 Ichneutarum
1836 2323 1922 2354 non

189 2389 380 2432 antehac
400 2387 446 2432 in
461 2388 623 2432 fabulis
639 2388 972 2443 fabularumque
988 2389 1184 2442 reliquiis
1198 2389 1454 2443 Sophocleis
1475 2393 1667 2444 reperta,
1692 2392 1769 2434 sed
1791 2391 1922 2434 etiam

188 2481 257 2524 ea,
290 2481 402 2523 quae
432 2468 479 2512 in
508 2470 590 2512 hac
620 2468 770 2512 fabula
799 2469 1162 2525 significationem
1193 2471 1247 2513 ab
1269 2470 1480 2524 exemplis
1501 2471 1749 2525 Sophocleis
1780 2473 1922 2516 adhuc

187 2549 378 2606 cognitis
407 2549 728 2604 discrepantem
760 2563 866 2604 prae
897 2563 945 2594 se
976 2550 1153 2605 ferrent,
1187 2555 1397 2604 quantum
1429 2551 1599 2605 quidem
1623 2564 1702 2606 per
1731 2565 1798 2595 me
1827 2551 1921 2596 fieri

189 2634 353 2686 posset,
373 2631 603 2675 enucleare
623 2644 819 2674 conarer.
866 2632 932 2674 Ac
947 2632 1181 2686 praecipue
1196 2631 1241 2674 id
1257 2632 1341 2687 egi,
1360 2636 1410 2675 ut
1430 2645 1655 2685 quemnam
1686 2633 1823 2676 locum
1845 2632 1923 2676 illa

193 2711 405 2755 vocabula
426 2711 473 2755 in
498 2711 684 2755 historia
706 2715 754 2755 ut
774 2712 838 2755 ita
870 2713 1010 2756 dicam
1041 2712 1217 2768 linguae
1248 2713 1446 2756 Graecae
1476 2713 1675 2757 obtinere
1705 2716 1921 2758 censenda

186 2795 351 2844 essent,
388 2791 675 2845 exquirerem.
735 2793 804 2835 Ad
838 2793 982 2836 omnia
1021 2806 1126 2836 vero
1158 2795 1476 2847 perscrutanda
1518 2793 1694 2849 linguae
1724 2794 1919 2839 Graecae

190 2875 468 2916 monumenta
493 2885 588 2915 cum
611 2885 691 2916 nec
712 2877 884 2927 tempus
915 2886 1056 2926 neque
1087 2874 1205 2916 vires
1236 2864 1502 2928 sufficerent,
1535 2887 1644 2928 quae
1675 2875 1758 2918 iam
1790 2879 1920 2919 antea

190 2951 262 2996 vel
282 2951 426 2996 lexica
454 2953 523 2996 vel
555 2953 643 2996 alia
673 2953 918 2997 huiusmodi
950 2967 1085 3008 opera
1115 2967 1142 2997 a
1172 2954 1281 2997 viris
1312 2954 1453 2998 doctis
1484 2955 1685 2999 confecta
1706 2956 1919 3000 omnibus—

186 3043 275 3085 que
318 3031 411 3076 fere
456 3033 635 3089 cognita
678 3038 918 3086 exstarent,
958 3035 1109 3078 horum
1141 3039 1310 3078 tantum
1340 3036 1502 3079 habere
1533 3036 1746 3080 rationem
1776 3050 1919 3080 rerum

188 3112 455 3156 necessitate
485 3117 665 3157 coactus
696 3127 792 3158 esse
824 3115 1020 3158 videbar.
1069 3115 1254 3169 Sperare
1284 3119 1431 3159 tamen
1454 3128 1584 3159 ausus
1605 3129 1697 3160 sum
1721 3116 1788 3171 iis,
1808 3130 1919 3170 quae

185 3191 272 3236 hoc
304 3194 430 3237 modo
471 3206 554 3248 ego
591 3195 851 3250 colligerem,
886 3195 1201 3248 aliquantulum
1244 3203 1363 3239 certe
1394 3196 1607 3239 illustrari
1638 3210 1731 3241 eam
1765 3210 1917 3251 quaes-
