<?xml version="1.0" encoding="UTF-8"?>
<!DOCTYPE html PUBLIC "-//W3C//DTD XHTML 1.0 Transitional//EN"
    "http://www.w3.org/TR/xhtml1/DTD/xhtml1-transitional.dtd">
<html xmlns="http://www.w3.org/1999/xhtml" xml:lang="en" lang="en">
 <head>
  <title>
</title>
<meta http-equiv="Content-Type" content="text/html;charset=utf-8" />
  <meta name='ocr-system' content='tesseract 3.04.00' />
  <meta name='ocr-capabilities' content='ocr_page ocr_carea ocr_par ocr_line ocrx_word'/>
</head>
<body>
  <div class='ocr_page' id='page_1' title='image "./devocabulisquibu00tudeuoft_0055.png"; bbox 0 0 2358 3782; ppageno 0'>
   <div class='ocr_carea' id='block_1_1' title="bbox 208 296 1932 343">
    <p class='ocr_par' dir='ltr' id='par_1_1' title="bbox 208 296 1932 343">
     <span class='ocr_line' id='line_1_1' title="bbox 208 296 1932 343; baseline -0.005 -5"><span class='ocrx_word' id='word_1_1' title='bbox 208 300 242 338; x_wconf 86' lang='lat' dir='ltr'>B</span> <span class='ocrx_word' id='word_1_2' title='bbox 259 300 383 343; x_wconf 51' lang='lat' dir='ltr'>xlv„</span> <span class='ocrx_word' id='word_1_3' title='bbox 773 299 834 335; x_wconf 88' lang='lat' dir='ltr'>De</span> <span class='ocrx_word' id='word_1_4' title='bbox 860 298 1063 334; x_wconf 87' lang='lat' dir='ltr'>vocabulis</span> <span class='ocrx_word' id='word_1_5' title='bbox 1087 298 1379 334; x_wconf 74' lang='lat' dir='ltr'>Ichneutarum.</span> <span class='ocrx_word' id='word_1_6' title='bbox 1887 296 1932 330; x_wconf 85' lang='lat'>47</span> 
     </span>
    </p>
   </div>
   <div class='ocr_carea' id='block_1_2' title="bbox 901 358 1935 364">
    <p class='ocr_par' dir='ltr' id='par_1_2' title="bbox 901 358 1935 364">
     <span class='ocr_line' id='line_1_2' title="bbox 901 358 1935 364; baseline 0 0"><span class='ocrx_word' id='word_1_7' title='bbox 901 358 1935 364; x_wconf 95' lang='lat' dir='ltr'> </span> 
     </span>
    </p>
   </div>
   <div class='ocr_carea' id='block_1_3' title="bbox 191 442 1940 1064">
    <p class='ocr_par' dir='ltr' id='par_1_3' title="bbox 191 442 1940 1064">
     <span class='ocr_line' id='line_1_3' title="bbox 210 442 1938 500; baseline -0.003 -9"><span class='ocrx_word' id='word_1_8' title='bbox 210 445 419 491; x_wconf 81' lang='lat' dir='ltr'>habemus</span> <span class='ocrx_word' id='word_1_9' title='bbox 457 446 701 500; x_wconf 86' lang='lat' dir='ltr'>exemplum</span> <span class='ocrx_word' id='word_1_10' title='bbox 734 443 932 488; x_wconf 84' lang='lat' dir='ltr'>vocabuli</span> <span class='ocrx_word' id='word_1_11' title='bbox 954 442 1146 499; x_wconf 74' lang='grc' dir='ltr'><strong><em>λάθριος</em></strong></span> <span class='ocrx_word' id='word_1_12' title='bbox 1177 445 1292 497; x_wconf 87' lang='lat' dir='ltr'>apud</span> <span class='ocrx_word' id='word_1_13' title='bbox 1324 442 1572 487; x_wconf 87' lang='lat' dir='ltr'>comoediae</span> <span class='ocrx_word' id='word_1_14' title='bbox 1602 443 1780 486; x_wconf 85' lang='lat' dir='ltr'>Atticae</span> <span class='ocrx_word' id='word_1_15' title='bbox 1803 443 1938 497; x_wconf 87' lang='lat' dir='ltr'>scrip-</span> 
     </span>
     <span class='ocr_line' id='line_1_4' title="bbox 213 523 1934 581; baseline -0.002 -11"><span class='ocrx_word' id='word_1_16' title='bbox 213 530 337 571; x_wconf 75' lang='lat' dir='ltr'>tores</span> <span class='ocrx_word' id='word_1_17' title='bbox 358 526 504 581; x_wconf 83' lang='lat' dir='ltr'>(Plato</span> <span class='ocrx_word' id='word_1_18' title='bbox 519 525 690 570; x_wconf 88' lang='lat' dir='ltr'>Adonis</span> <span class='ocrx_word' id='word_1_19' title='bbox 711 525 765 568; x_wconf 77' lang='lat' dir='ltr'>fr.</span> <span class='ocrx_word' id='word_1_20' title='bbox 787 529 847 578; x_wconf 71' lang='lat'>3,⁴</span> <span class='ocrx_word' id='word_1_21' title='bbox 864 525 1006 575; x_wconf 80' lang='lat' dir='ltr'>Kock)</span> <span class='ocrx_word' id='word_1_22' title='bbox 1026 528 1071 567; x_wconf 84' lang='lat' dir='ltr'>et</span> <span class='ocrx_word' id='word_1_23' title='bbox 1101 523 1258 568; x_wconf 87' lang='lat' dir='ltr'>deinde</span> <span class='ocrx_word' id='word_1_24' title='bbox 1290 527 1435 567; x_wconf 88' lang='lat' dir='ltr'>aetate</span> <span class='ocrx_word' id='word_1_25' title='bbox 1466 523 1755 579; x_wconf 86' lang='lat' dir='ltr'>Hellenistica</span> <span class='ocrx_word' id='word_1_26' title='bbox 1785 527 1827 566; x_wconf 88' lang='lat' dir='ltr'>et</span> <span class='ocrx_word' id='word_1_27' title='bbox 1850 524 1934 567; x_wconf 89' lang='lat' dir='ltr'>Ro-</span> 
     </span>
     <span class='ocr_line' id='line_1_5' title="bbox 210 604 1936 661; baseline -0.002 -11"><span class='ocrx_word' id='word_1_28' title='bbox 210 618 339 650; x_wconf 82' lang='lat' dir='ltr'>mana</span> <span class='ocrx_word' id='word_1_29' title='bbox 382 606 428 650; x_wconf 89' lang='lat' dir='ltr'>in</span> <span class='ocrx_word' id='word_1_30' title='bbox 470 606 621 661; x_wconf 88' lang='lat' dir='ltr'>primis</span> <span class='ocrx_word' id='word_1_31' title='bbox 667 607 782 660; x_wconf 86' lang='lat' dir='ltr'>apud</span> <span class='ocrx_word' id='word_1_32' title='bbox 827 609 993 660; x_wconf 89' lang='lat' dir='ltr'>poetas,</span> <span class='ocrx_word' id='word_1_33' title='bbox 1027 605 1148 647; x_wconf 83' lang='lat' dir='ltr'>velut</span> <span class='ocrx_word' id='word_1_34' title='bbox 1184 606 1297 659; x_wconf 91' lang='lat' dir='ltr'>apud</span> <span class='ocrx_word' id='word_1_35' title='bbox 1328 604 1635 647; x_wconf 81' lang='lat' dir='ltr'>Callimachum</span> <span class='ocrx_word' id='word_1_36' title='bbox 1672 604 1744 659; x_wconf 91' lang='lat' dir='ltr'>(H.</span> <span class='ocrx_word' id='word_1_37' title='bbox 1777 604 1821 647; x_wconf 93' lang='lat' dir='ltr'>in</span> <span class='ocrx_word' id='word_1_38' title='bbox 1852 605 1936 658; x_wconf 90' lang='lat' dir='ltr'>Ap.</span> 
     </span>
     <span class='ocr_line' id='line_1_6' title="bbox 213 685 1938 742; baseline -0.002 -11"><span class='ocrx_word' id='word_1_39' title='bbox 213 689 326 742; x_wconf 78' lang='grc'>105),</span> <span class='ocrx_word' id='word_1_40' title='bbox 369 688 446 730; x_wconf 90' lang='lat' dir='ltr'>sed</span> <span class='ocrx_word' id='word_1_41' title='bbox 477 686 608 730; x_wconf 87' lang='lat' dir='ltr'>etiam</span> <span class='ocrx_word' id='word_1_42' title='bbox 639 687 752 742; x_wconf 87' lang='lat' dir='ltr'>apud</span> <span class='ocrx_word' id='word_1_43' title='bbox 783 686 1019 740; x_wconf 83' lang='lat' dir='ltr'><strong>scriptores</strong></span> <span class='ocrx_word' id='word_1_44' title='bbox 1049 687 1290 739; x_wconf 79' lang='lat' dir='ltr'>pedestres,</span> <span class='ocrx_word' id='word_1_45' title='bbox 1323 686 1444 728; x_wconf 88' lang='lat' dir='ltr'>velut</span> <span class='ocrx_word' id='word_1_46' title='bbox 1474 687 1588 740; x_wconf 88' lang='lat' dir='ltr'>apud</span> <span class='ocrx_word' id='word_1_47' title='bbox 1620 685 1805 728; x_wconf 91' lang='lat' dir='ltr'>Dionem</span> <span class='ocrx_word' id='word_1_48' title='bbox 1836 685 1938 728; x_wconf 82' lang='lat' dir='ltr'>Cas-</span> 
     </span>
     <span class='ocr_line' id='line_1_7' title="bbox 191 763 1931 824; baseline -0.002 -13"><span class='ocrx_word' id='word_1_49' title='bbox 191 768 322 818; x_wconf 30' lang='lat' dir='ltr'>·sium</span> <span class='ocrx_word' id='word_1_50' title='bbox 352 766 610 824; x_wconf 85' lang='lat' dir='ltr'>(LXXVIII</span> <span class='ocrx_word' id='word_1_51' title='bbox 641 769 745 822; x_wconf 84' lang='lat'>18‚2)</span> <span class='ocrx_word' id='word_1_52' title='bbox 775 766 939 810; x_wconf 84' lang='lat' dir='ltr'>usitati.</span> <span class='ocrx_word' id='word_1_53' title='bbox 970 791 1029 796; x_wconf 90' lang='lat'>—-</span> <span class='ocrx_word' id='word_1_54' title='bbox 1057 763 1313 820; x_wconf 74' lang='lat' dir='ltr'>Sophoclem</span> <span class='ocrx_word' id='word_1_55' title='bbox 1354 767 1551 810; x_wconf 89' lang='lat' dir='ltr'>novimus</span> <span class='ocrx_word' id='word_1_56' title='bbox 1587 765 1726 809; x_wconf 74' lang='lat' dir='ltr'>forma</span> <span class='ocrx_word' id='word_1_57' title='bbox 1762 778 1931 820; x_wconf 89' lang='lat' dir='ltr'>quoque</span> 
     </span>
     <span class='ocr_line' id='line_1_8' title="bbox 211 847 1936 903; baseline 0 -13"><span class='ocrx_word' id='word_1_58' title='bbox 211 847 435 902; x_wconf 74' lang='grc' dir='ltr'><strong><em>λαθραῖος</em></strong></span> <span class='ocrx_word' id='word_1_59' title='bbox 479 861 602 892; x_wconf 91' lang='lat' dir='ltr'>usum</span> <span class='ocrx_word' id='word_1_60' title='bbox 644 860 740 892; x_wconf 79' lang='lat' dir='ltr'>esse</span> <span class='ocrx_word' id='word_1_61' title='bbox 770 848 945 903; x_wconf 81' lang='lat' dir='ltr'>(Trach.</span> <span class='ocrx_word' id='word_1_62' title='bbox 978 850 1074 899; x_wconf 87' lang='lat'>377,</span> <span class='ocrx_word' id='word_1_63' title='bbox 1109 850 1206 900; x_wconf 84' lang='lat'>914,</span> <span class='ocrx_word' id='word_1_64' title='bbox 1238 847 1305 890; x_wconf 89' lang='lat' dir='ltr'>El.</span> <span class='ocrx_word' id='word_1_65' title='bbox 1342 849 1482 901; x_wconf 88' lang='lat'>1440),</span> <span class='ocrx_word' id='word_1_66' title='bbox 1515 859 1625 901; x_wconf 88' lang='lat' dir='ltr'>quae</span> <span class='ocrx_word' id='word_1_67' title='bbox 1656 847 1787 890; x_wconf 84' lang='lat' dir='ltr'>etiam</span> <span class='ocrx_word' id='word_1_68' title='bbox 1820 848 1936 901; x_wconf 88' lang='lat' dir='ltr'>apud</span> 
     </span>
     <span class='ocr_line' id='line_1_9' title="bbox 209 927 1940 984; baseline -0.001 -12"><span class='ocrx_word' id='word_1_69' title='bbox 209 928 474 984; x_wconf 85' lang='lat' dir='ltr'>Aeschylum</span> <span class='ocrx_word' id='word_1_70' title='bbox 517 933 563 972; x_wconf 87' lang='lat' dir='ltr'>et</span> <span class='ocrx_word' id='word_1_71' title='bbox 603 928 855 983; x_wconf 87' lang='lat' dir='ltr'>Euripidem</span> <span class='ocrx_word' id='word_1_72' title='bbox 903 927 1097 981; x_wconf 89' lang='lat' dir='ltr'>aliosque</span> <span class='ocrx_word' id='word_1_73' title='bbox 1141 927 1377 982; x_wconf 79' lang='lat' dir='ltr'>scriptores</span> <span class='ocrx_word' id='word_1_74' title='bbox 1422 927 1563 981; x_wconf 86' lang='lat' dir='ltr'>quinti</span> <span class='ocrx_word' id='word_1_75' title='bbox 1593 933 1638 971; x_wconf 92' lang='lat' dir='ltr'>et</span> <span class='ocrx_word' id='word_1_76' title='bbox 1669 927 1815 981; x_wconf 86' lang='lat' dir='ltr'>quarti</span> <span class='ocrx_word' id='word_1_77' title='bbox 1846 940 1940 971; x_wconf 87' lang='lat' dir='ltr'>sae·</span> 
     </span>
     <span class='ocr_line' id='line_1_10' title="bbox 213 1008 914 1064; baseline -0.001 -12"><span class='ocrx_word' id='word_1_78' title='bbox 213 1009 299 1053; x_wconf 87' lang='lat' dir='ltr'>culi</span> <span class='ocrx_word' id='word_1_79' title='bbox 329 1009 680 1064; x_wconf 81' lang='lat' dir='ltr'>posterioresque</span> <span class='ocrx_word' id='word_1_80' title='bbox 711 1008 914 1052; x_wconf 85' lang='lat' dir='ltr'>occurrit.</span> 
     </span>
    </p>
   </div>
   <div class='ocr_carea' id='block_1_4' title="bbox 212 1157 934 1213">
    <p class='ocr_par' dir='ltr' id='par_1_4' title="bbox 212 1157 934 1213">
     <span class='ocr_line' id='line_1_11' title="bbox 212 1157 934 1213; baseline 0.001 -12"><span class='ocrx_word' id='word_1_81' title='bbox 212 1157 520 1213; x_wconf 71' lang='grc' dir='ltr'><strong><em>λάκτισμα</em></strong></span> <span class='ocrx_word' id='word_1_82' title='bbox 551 1159 934 1203; x_wconf 82' lang='lat' dir='ltr'>calcitratus.</span> 
     </span>
    </p>
   </div>
   <div class='ocr_carea' id='block_1_5' title="bbox 352 1261 1964 1399">
    <p class='ocr_par' dir='ltr' id='par_1_5' title="bbox 352 1261 1964 1399">
     <span class='ocr_line' id='line_1_12' title="bbox 352 1261 1964 1322; baseline -0.004 -15"><span class='ocrx_word' id='word_1_83' title='bbox 352 1263 473 1307; x_wconf 87' lang='lat' dir='ltr'>Ichn.</span> <span class='ocrx_word' id='word_1_84' title='bbox 491 1267 719 1307; x_wconf 81' lang='lat'>212-213</span> <span class='ocrx_word' id='word_1_85' title='bbox 738 1262 823 1318; x_wconf 91' lang='lat' dir='ltr'>(IX</span> <span class='ocrx_word' id='word_1_86' title='bbox 840 1264 971 1317; x_wconf 85' lang='lat'>3—4)</span> <span class='ocrx_word' id='word_1_87' title='bbox 994 1262 1208 1316; x_wconf 78' lang='grc' dir='ltr'>κτύ[π]ον</span> <span class='ocrx_word' id='word_1_88' title='bbox 1229 1261 1455 1318; x_wconf 77' lang='grc' dir='ltr'><strong><em>πέδορτον</em></strong></span> <span class='ocrx_word' id='word_1_89' title='bbox 1486 1262 1775 1316; x_wconf 74' lang='grc' dir='ltr'><em>ἐξαναγκάσω</em></span> <span class='ocrx_word' id='word_1_90' title='bbox 1797 1265 1803 1318; x_wconf 76' lang='grc' dir='ltr'>Ι</span> <span class='ocrx_word' id='word_1_91' title='bbox 1822 1264 1941 1317; x_wconf 81' lang='grc' dir='ltr'><strong><em>π[η]-</em></strong></span> <span class='ocrx_word' id='word_1_92' title='bbox 1961 1320 1964 1322; x_wconf 17' lang='lat' dir='ltr'>q</span> 
     </span>
     <span class='ocr_line' id='line_1_13' title="bbox 352 1342 1288 1399; baseline -0.003 -13"><span class='ocrx_word' id='word_1_93' title='bbox 352 1343 552 1399; x_wconf 76' lang='grc' dir='ltr'><strong><em>δήμασιν</em></strong></span> <span class='ocrx_word' id='word_1_94' title='bbox 581 1351 844 1398; x_wconf 75' lang='grc' dir='ltr'><strong><em>κραιπνοῖσι</em></strong></span> <span class='ocrx_word' id='word_1_95' title='bbox 876 1346 949 1383; x_wconf 80' lang='grc' dir='ltr'>καὶ</span> <span class='ocrx_word' id='word_1_96' title='bbox 981 1342 1288 1395; x_wconf 81' lang='grc' dir='ltr'><strong><em>λακτίσμασιν</em></strong></span> 
     </span>
    </p>
   </div>
   <div class='ocr_carea' id='block_1_6' title="bbox 215 1446 1944 1663">
    <p class='ocr_par' dir='ltr' id='par_1_6' title="bbox 215 1446 1944 1663">
     <span class='ocr_line' id='line_1_14' title="bbox 349 1446 1941 1503; baseline -0.001 -12"><span class='ocrx_word' id='word_1_97' title='bbox 349 1448 594 1502; x_wconf 87' lang='lat' dir='ltr'>Aeschylus</span> <span class='ocrx_word' id='word_1_98' title='bbox 639 1448 736 1503; x_wconf 86' lang='lat' dir='ltr'>(Ag.</span> <span class='ocrx_word' id='word_1_99' title='bbox 773 1449 902 1501; x_wconf 88' lang='grc'>1601)</span> <span class='ocrx_word' id='word_1_100' title='bbox 946 1447 1110 1501; x_wconf 90' lang='lat' dir='ltr'>primus</span> <span class='ocrx_word' id='word_1_101' title='bbox 1154 1447 1236 1490; x_wconf 92' lang='lat' dir='ltr'>hoc</span> <span class='ocrx_word' id='word_1_102' title='bbox 1267 1447 1527 1490; x_wconf 87' lang='lat' dir='ltr'>vocabulum</span> <span class='ocrx_word' id='word_1_103' title='bbox 1577 1448 1773 1501; x_wconf 85' lang='lat' dir='ltr'>praebet,</span> <span class='ocrx_word' id='word_1_104' title='bbox 1818 1446 1941 1490; x_wconf 91' lang='lat' dir='ltr'>cuius</span> 
     </span>
     <span class='ocr_line' id='line_1_15' title="bbox 215 1527 1937 1583; baseline -0.001 -11"><span class='ocrx_word' id='word_1_105' title='bbox 215 1531 372 1583; x_wconf 78' lang='lat' dir='ltr'>postea</span> <span class='ocrx_word' id='word_1_106' title='bbox 413 1528 523 1572; x_wconf 84' lang='lat' dir='ltr'>satis</span> <span class='ocrx_word' id='word_1_107' title='bbox 567 1541 668 1572; x_wconf 87' lang='lat' dir='ltr'>rara</span> <span class='ocrx_word' id='word_1_108' title='bbox 713 1528 911 1582; x_wconf 88' lang='lat' dir='ltr'>exempla</span> <span class='ocrx_word' id='word_1_109' title='bbox 941 1529 1057 1582; x_wconf 89' lang='lat' dir='ltr'>apud</span> <span class='ocrx_word' id='word_1_110' title='bbox 1087 1527 1325 1581; x_wconf 89' lang='lat' dir='ltr'>scriptores</span> <span class='ocrx_word' id='word_1_111' title='bbox 1357 1528 1517 1571; x_wconf 84' lang='lat' dir='ltr'>aetatis</span> <span class='ocrx_word' id='word_1_112' title='bbox 1547 1527 1861 1572; x_wconf 88' lang='lat' dir='ltr'>Hellenisticae</span> <span class='ocrx_word' id='word_1_113' title='bbox 1892 1532 1937 1570; x_wconf 88' lang='lat' dir='ltr'>et</span> 
     </span>
     <span class='ocr_line' id='line_1_16' title="bbox 217 1607 1944 1663; baseline -0.001 -11"><span class='ocrx_word' id='word_1_114' title='bbox 217 1608 437 1652; x_wconf 81' lang='lat' dir='ltr'>Romanae</span> <span class='ocrx_word' id='word_1_115' title='bbox 469 1612 705 1652; x_wconf 88' lang='lat' dir='ltr'>occurrunt</span> <span class='ocrx_word' id='word_1_116' title='bbox 733 1608 855 1651; x_wconf 84' lang='lat' dir='ltr'>velut</span> <span class='ocrx_word' id='word_1_117' title='bbox 886 1609 999 1662; x_wconf 90' lang='lat' dir='ltr'>apud</span> <span class='ocrx_word' id='word_1_118' title='bbox 1029 1608 1266 1651; x_wconf 91' lang='lat' dir='ltr'>Diodorum</span> <span class='ocrx_word' id='word_1_119' title='bbox 1313 1607 1501 1651; x_wconf 86' lang='lat' dir='ltr'>Siculum</span> <span class='ocrx_word' id='word_1_120' title='bbox 1544 1609 1624 1662; x_wconf 85' lang='lat' dir='ltr'>(IV</span> <span class='ocrx_word' id='word_1_121' title='bbox 1641 1610 1758 1663; x_wconf 79' lang='lat'>59‚4)‚</span> <span class='ocrx_word' id='word_1_122' title='bbox 1795 1609 1944 1663; x_wconf 89' lang='lat' dir='ltr'>Lyco-</span> 
     </span>
    </p>
   </div>
   <div class='ocr_carea' id='block_1_7' title="bbox 212 1690 583 1745">
    <p class='ocr_par' dir='ltr' id='par_1_7' title="bbox 212 1690 583 1745">
     <span class='ocr_line' id='line_1_17' title="bbox 212 1690 583 1745; baseline -0.008 -11"><span class='ocrx_word' id='word_1_123' title='bbox 212 1690 421 1745; x_wconf 83' lang='lat' dir='ltr'>phronem</span> <span class='ocrx_word' id='word_1_124' title='bbox 451 1691 583 1744; x_wconf 82' lang='lat'>(835).</span> 
     </span>
    </p>
   </div>
   <div class='ocr_carea' id='block_1_8' title="bbox 213 1851 1732 2000">
    <p class='ocr_par' dir='ltr' id='par_1_8' title="bbox 213 1851 1732 2000">
     <span class='ocr_line' id='line_1_18' title="bbox 213 1851 1166 1907; baseline -0.002 -12"><span class='ocrx_word' id='word_1_125' title='bbox 213 1851 470 1899; x_wconf 68' lang='grc' dir='ltr'><strong><em>Ρ*λα’λος</em></strong></span> <span class='ocrx_word' id='word_1_126' title='bbox 500 1851 720 1905; x_wconf 87' lang='lat' dir='ltr'>loquax,</span> <span class='ocrx_word' id='word_1_127' title='bbox 753 1851 1050 1907; x_wconf 85' lang='lat' dir='ltr'>garrulus.</span> <span class='ocrx_word' id='word_1_128' title='bbox 1164 1898 1166 1900; x_wconf 59' lang='grc'>,</span> 
     </span>
     <span class='ocr_line' id='line_1_19' title="bbox 353 1941 1732 2000; baseline -0.002 -13"><span class='ocrx_word' id='word_1_129' title='bbox 353 1945 472 1988; x_wconf 84' lang='lat' dir='ltr'>Ichn.</span> <span class='ocrx_word' id='word_1_130' title='bbox 508 1948 590 1988; x_wconf 85' lang='lat'>129</span> <span class='ocrx_word' id='word_1_131' title='bbox 621 1945 678 2000; x_wconf 88' lang='lat' dir='ltr'>(V</span> <span class='ocrx_word' id='word_1_132' title='bbox 711 1947 783 1998; x_wconf 85' lang='lat'>24)</span> <span class='ocrx_word' id='word_1_133' title='bbox 816 1946 896 1998; x_wconf 73' lang='grc' dir='ltr'><strong><em>[τί]</em></strong></span> <span class='ocrx_word' id='word_1_134' title='bbox 913 1944 1068 1999; x_wconf 70' lang='grc' dir='ltr'><strong><em>σιγᾶθ’</em></strong></span> <span class='ocrx_word' id='word_1_135' title='bbox 1100 1941 1143 1985; x_wconf 78' lang='grc' dir='ltr'>οἱ</span> <span class='ocrx_word' id='word_1_136' title='bbox 1172 1944 1281 1998; x_wconf 57' lang='lat' dir='ltr'>aph)</span> <span class='ocrx_word' id='word_1_137' title='bbox 1313 1945 1398 1985; x_wconf 78' lang='grc' dir='ltr'>τοῦ</span> <span class='ocrx_word' id='word_1_138' title='bbox 1427 1943 1732 1998; x_wconf 80' lang='grc' dir='ltr'><strong><em>λαλίστ]ατοι;</em></strong></span> 
     </span>
    </p>
   </div>
   <div class='ocr_carea' id='block_1_9' title="bbox 213 2047 1943 2187">
    <p class='ocr_par' dir='ltr' id='par_1_9' title="bbox 213 2047 1943 2187">
     <span class='ocr_line' id='line_1_20' title="bbox 351 2047 1943 2103; baseline -0.001 -12"><span class='ocrx_word' id='word_1_139' title='bbox 351 2047 625 2101; x_wconf 86' lang='lat' dir='ltr'>Coniectura,</span> <span class='ocrx_word' id='word_1_140' title='bbox 671 2061 756 2101; x_wconf 90' lang='lat' dir='ltr'>qua</span> <span class='ocrx_word' id='word_1_141' title='bbox 799 2047 1418 2093; x_wconf 88' lang='lat' dir='ltr'>Wilamowitz-Moellendorff</span> <span class='ocrx_word' id='word_1_142' title='bbox 1449 2048 1647 2091; x_wconf 88' lang='lat' dir='ltr'>lacunam</span> <span class='ocrx_word' id='word_1_143' title='bbox 1679 2048 1838 2103; x_wconf 86' lang='lat' dir='ltr'>papyri</span> <span class='ocrx_word' id='word_1_144' title='bbox 1871 2061 1943 2091; x_wconf 86' lang='lat' dir='ltr'>ex-</span> 
     </span>
     <span class='ocr_line' id='line_1_21' title="bbox 213 2128 1941 2187; baseline -0.001 -15"><span class='ocrx_word' id='word_1_145' title='bbox 213 2129 335 2184; x_wconf 82' lang='lat' dir='ltr'>plere</span> <span class='ocrx_word' id='word_1_146' title='bbox 378 2132 560 2187; x_wconf 83' lang='lat' dir='ltr'>conatus</span> <span class='ocrx_word' id='word_1_147' title='bbox 603 2133 670 2172; x_wconf 90' lang='lat' dir='ltr'>est</span> <span class='ocrx_word' id='word_1_148' title='bbox 715 2129 869 2182; x_wconf 89' lang='lat' dir='ltr'>(Hunt,</span> <span class='ocrx_word' id='word_1_149' title='bbox 913 2128 1079 2183; x_wconf 82' lang='lat' dir='ltr'>Oxyrh.</span> <span class='ocrx_word' id='word_1_150' title='bbox 1123 2130 1231 2183; x_wconf 86' lang='lat' dir='ltr'>Pap.</span> <span class='ocrx_word' id='word_1_151' title='bbox 1275 2128 1344 2171; x_wconf 90' lang='lat' dir='ltr'>IX</span> <span class='ocrx_word' id='word_1_152' title='bbox 1373 2142 1414 2182; x_wconf 91' lang='lat' dir='ltr'>p.</span> <span class='ocrx_word' id='word_1_153' title='bbox 1449 2130 1533 2183; x_wconf 86' lang='lat'>73),</span> <span class='ocrx_word' id='word_1_154' title='bbox 1565 2128 1649 2171; x_wconf 91' lang='lat' dir='ltr'>etsi</span> <span class='ocrx_word' id='word_1_155' title='bbox 1680 2128 1941 2172; x_wconf 87' lang='lat' dir='ltr'>sententiam</span> 
     </span>
    </p>
   </div>
   <div class='ocr_carea' id='block_1_10' title="bbox 131 2201 1216 2264">
    <p class='ocr_par' dir='ltr' id='par_1_10' title="bbox 131 2201 1216 2264">
     <span class='ocr_line' id='line_1_22' title="bbox 131 2201 1216 2264; baseline 0 -12"><span class='ocrx_word' id='word_1_156' title='bbox 131 2201 141 2227; x_wconf 63' lang='lat'>³</span> <span class='ocrx_word' id='word_1_157' title='bbox 217 2209 423 2264; x_wconf 85' lang='lat' dir='ltr'>optimam</span> <span class='ocrx_word' id='word_1_158' title='bbox 453 2208 605 2264; x_wconf 87' lang='lat' dir='ltr'>efficit,</span> <span class='ocrx_word' id='word_1_159' title='bbox 636 2213 781 2252; x_wconf 86' lang='lat' dir='ltr'>tamen</span> <span class='ocrx_word' id='word_1_160' title='bbox 812 2209 1105 2253; x_wconf 83' lang='lat' dir='ltr'>incertissima</span> <span class='ocrx_word' id='word_1_161' title='bbox 1136 2214 1216 2253; x_wconf 85' lang='lat' dir='ltr'>est.</span> 
     </span>
    </p>
   </div>
   <div class='ocr_carea' id='block_1_11' title="bbox 215 2290 1946 2670">
    <p class='ocr_par' dir='ltr' id='par_1_11' title="bbox 215 2290 1946 2670">
     <span class='ocr_line' id='line_1_23' title="bbox 354 2290 1946 2344; baseline -0.001 -10"><span class='ocrx_word' id='word_1_162' title='bbox 354 2290 620 2334; x_wconf 86' lang='lat' dir='ltr'>Vocabulum</span> <span class='ocrx_word' id='word_1_163' title='bbox 653 2291 862 2334; x_wconf 83' lang='lat' dir='ltr'>sermonis</span> <span class='ocrx_word' id='word_1_164' title='bbox 894 2291 1102 2334; x_wconf 87' lang='lat' dir='ltr'>cotidiani</span> <span class='ocrx_word' id='word_1_165' title='bbox 1132 2290 1277 2344; x_wconf 83' lang='grc' dir='ltr'><strong><em>λάλος,</em></strong></span> <span class='ocrx_word' id='word_1_166' title='bbox 1310 2291 1432 2334; x_wconf 90' lang='lat' dir='ltr'>cuius</span> <span class='ocrx_word' id='word_1_167' title='bbox 1460 2291 1736 2334; x_wconf 86' lang='lat' dir='ltr'>veterrimum</span> <span class='ocrx_word' id='word_1_168' title='bbox 1760 2290 1946 2344; x_wconf 85' lang='lat' dir='ltr'>praebet</span> 
     </span>
     <span class='ocr_line' id='line_1_24' title="bbox 217 2371 1942 2427; baseline -0.002 -11"><span class='ocrx_word' id='word_1_169' title='bbox 217 2371 458 2426; x_wconf 83' lang='lat' dir='ltr'>exemplum</span> <span class='ocrx_word' id='word_1_170' title='bbox 478 2371 707 2415; x_wconf 89' lang='lat' dir='ltr'>Anacreon</span> <span class='ocrx_word' id='word_1_171' title='bbox 725 2371 796 2425; x_wconf 79' lang='lat' dir='ltr'>(fr.</span> <span class='ocrx_word' id='word_1_172' title='bbox 816 2376 903 2425; x_wconf 82' lang='lat'>13,2</span> <span class='ocrx_word' id='word_1_173' title='bbox 925 2372 1100 2427; x_wconf 78' lang='lat' dir='ltr'>Bergk),</span> <span class='ocrx_word' id='word_1_174' title='bbox 1116 2385 1252 2425; x_wconf 89' lang='lat' dir='ltr'>usque</span> <span class='ocrx_word' id='word_1_175' title='bbox 1271 2373 1325 2414; x_wconf 91' lang='lat' dir='ltr'>ad</span> <span class='ocrx_word' id='word_1_176' title='bbox 1340 2374 1526 2415; x_wconf 88' lang='lat' dir='ltr'>aetatem</span> <span class='ocrx_word' id='word_1_177' title='bbox 1540 2372 1778 2414; x_wconf 86' lang='lat' dir='ltr'>Romanam</span> <span class='ocrx_word' id='word_1_178' title='bbox 1794 2371 1840 2413; x_wconf 93' lang='lat' dir='ltr'>in</span> <span class='ocrx_word' id='word_1_179' title='bbox 1861 2384 1942 2414; x_wconf 91' lang='lat' dir='ltr'>usu</span> 
     </span>
     <span class='ocr_line' id='line_1_25' title="bbox 215 2451 1944 2508; baseline -0.001 -12"><span class='ocrx_word' id='word_1_180' title='bbox 215 2457 324 2496; x_wconf 74' lang='lat' dir='ltr'>erat.</span> <span class='ocrx_word' id='word_1_181' title='bbox 357 2451 624 2507; x_wconf 83' lang='lat' dir='ltr'>Superlativi</span> <span class='ocrx_word' id='word_1_182' title='bbox 646 2454 762 2507; x_wconf 86' lang='lat' dir='ltr'>apud</span> <span class='ocrx_word' id='word_1_183' title='bbox 790 2453 1039 2507; x_wconf 86' lang='lat' dir='ltr'>Euripidem</span> <span class='ocrx_word' id='word_1_184' title='bbox 1070 2453 1253 2506; x_wconf 90' lang='lat' dir='ltr'>primum</span> <span class='ocrx_word' id='word_1_185' title='bbox 1270 2453 1500 2508; x_wconf 84' lang='lat' dir='ltr'>legebatur</span> <span class='ocrx_word' id='word_1_186' title='bbox 1521 2452 1774 2506; x_wconf 83' lang='lat' dir='ltr'>exemplum.</span> <span class='ocrx_word' id='word_1_187' title='bbox 1819 2451 1944 2495; x_wconf 90' lang='lat' dir='ltr'>Com-</span> 
     </span>
     <span class='ocr_line' id='line_1_26' title="bbox 219 2533 1937 2588; baseline -0.001 -11"><span class='ocrx_word' id='word_1_188' title='bbox 219 2533 542 2578; x_wconf 82' lang='lat' dir='ltr'>memorandum</span> <span class='ocrx_word' id='word_1_189' title='bbox 573 2537 642 2577; x_wconf 87' lang='lat' dir='ltr'>est</span> <span class='ocrx_word' id='word_1_190' title='bbox 671 2533 927 2587; x_wconf 88' lang='lat' dir='ltr'>Sophoclem</span> <span class='ocrx_word' id='word_1_191' title='bbox 946 2534 1088 2588; x_wconf 89' lang='lat' dir='ltr'>prima</span> <span class='ocrx_word' id='word_1_192' title='bbox 1115 2538 1164 2576; x_wconf 88' lang='lat' dir='ltr'>ut</span> <span class='ocrx_word' id='word_1_193' title='bbox 1197 2534 1371 2576; x_wconf 82' lang='lat' dir='ltr'>videtur</span> <span class='ocrx_word' id='word_1_194' title='bbox 1401 2534 1598 2587; x_wconf 85' lang='lat' dir='ltr'>exempla</span> <span class='ocrx_word' id='word_1_195' title='bbox 1630 2533 1937 2576; x_wconf 87' lang='lat' dir='ltr'>vocabulorum</span> 
     </span>
     <span class='ocr_line' id='line_1_27' title="bbox 215 2612 1838 2670; baseline 0.001 -15"><span class='ocrx_word' id='word_1_196' title='bbox 215 2612 371 2666; x_wconf 68' lang='grc' dir='ltr'><strong><em>λαλεῖν</em></strong></span> <span class='ocrx_word' id='word_1_197' title='bbox 403 2613 531 2668; x_wconf 87' lang='lat' dir='ltr'>(Phil.</span> <span class='ocrx_word' id='word_1_198' title='bbox 568 2617 671 2666; x_wconf 84' lang='grc' dir='ltr'>11ος</span> <span class='ocrx_word' id='word_1_199' title='bbox 701 2614 831 2657; x_wconf 90' lang='lat' dir='ltr'>lectio</span> <span class='ocrx_word' id='word_1_200' title='bbox 866 2614 1004 2668; x_wconf 87' lang='lat' dir='ltr'>varia)</span> <span class='ocrx_word' id='word_1_201' title='bbox 1036 2619 1081 2658; x_wconf 87' lang='lat' dir='ltr'>et</span> <span class='ocrx_word' id='word_1_202' title='bbox 1111 2613 1290 2670; x_wconf 84' lang='grc' dir='ltr'><strong><em>λα’λημα</em></strong></span> <span class='ocrx_word' id='word_1_203' title='bbox 1321 2614 1442 2668; x_wconf 88' lang='lat' dir='ltr'>(Ant.</span> <span class='ocrx_word' id='word_1_204' title='bbox 1477 2616 1577 2667; x_wconf 84' lang='lat'>320)</span> <span class='ocrx_word' id='word_1_205' title='bbox 1611 2614 1838 2667; x_wconf 89' lang='lat' dir='ltr'>praebere.</span> 
     </span>
    </p>
   </div>
   <div class='ocr_carea' id='block_1_12' title="bbox 171 2773 1943 3027">
    <p class='ocr_par' dir='ltr' id='par_1_12' title="bbox 171 2773 1943 3027">
     <span class='ocr_line' id='line_1_28' title="bbox 171 2773 844 2830; baseline 0.003 -14"><span class='ocrx_word' id='word_1_206' title='bbox 171 2797 175 2802; x_wconf 89' lang='lat'><em>-</em></span> <span class='ocrx_word' id='word_1_207' title='bbox 217 2773 378 2823; x_wconf 74' lang='grc' dir='ltr'><strong><em>λεῖος</em></strong></span> <span class='ocrx_word' id='word_1_208' title='bbox 420 2775 589 2830; x_wconf 84' lang='lat' dir='ltr'>levis,</span> <span class='ocrx_word' id='word_1_209' title='bbox 621 2776 844 2830; x_wconf 86' lang='lat' dir='ltr'>glaber.</span> 
     </span>
     <span class='ocr_line' id='line_1_29' title="bbox 355 2865 1943 2924; baseline -0.002 -14"><span class='ocrx_word' id='word_1_210' title='bbox 355 2867 476 2912; x_wconf 86' lang='lat' dir='ltr'>Ichn.</span> <span class='ocrx_word' id='word_1_211' title='bbox 524 2872 606 2911; x_wconf 82' lang='lat'>359</span> <span class='ocrx_word' id='word_1_212' title='bbox 638 2868 761 2923; x_wconf 88' lang='lat' dir='ltr'>(XIV</span> <span class='ocrx_word' id='word_1_213' title='bbox 796 2871 866 2923; x_wconf 86' lang='grc'>17)</span> <span class='ocrx_word' id='word_1_214' title='bbox 897 2868 1049 2909; x_wconf 78' lang='grc' dir='ltr'><strong><em>παύου</em></strong></span> <span class='ocrx_word' id='word_1_215' title='bbox 1081 2868 1136 2910; x_wconf 60' lang='grc' dir='ltr'>το*</span> <span class='ocrx_word' id='word_1_216' title='bbox 1169 2868 1290 2909; x_wconf 81' lang='grc' dir='ltr'><strong><em>λεῖον</em></strong></span> <span class='ocrx_word' id='word_1_217' title='bbox 1322 2867 1560 2924; x_wconf 73' lang='grc' dir='ltr'><strong><em>φαλακρόν</em></strong></span> <span class='ocrx_word' id='word_1_218' title='bbox 1591 2865 1732 2923; x_wconf 82' lang='grc' dir='ltr'><strong><em>ἡδονῇ</em></strong></span> <span class='ocrx_word' id='word_1_219' title='bbox 1762 2869 1943 2916; x_wconf 76' lang='grc' dir='ltr'><strong><em>πιτνοῐς.</em></strong></span> 
     </span>
     <span class='ocr_line' id='line_1_30' title="bbox 356 2972 1942 3027; baseline -0.001 -11"><span class='ocrx_word' id='word_1_220' title='bbox 356 2972 625 3016; x_wconf 89' lang='lat' dir='ltr'>Vocabulum</span> <span class='ocrx_word' id='word_1_221' title='bbox 672 2986 908 3025; x_wconf 88' lang='lat' dir='ltr'>commune,</span> <span class='ocrx_word' id='word_1_222' title='bbox 957 2975 1069 3027; x_wconf 84' lang='lat' dir='ltr'>quod</span> <span class='ocrx_word' id='word_1_223' title='bbox 1115 2979 1159 3016; x_wconf 91' lang='lat' dir='ltr'>et</span> <span class='ocrx_word' id='word_1_224' title='bbox 1204 2973 1420 3016; x_wconf 90' lang='lat' dir='ltr'>Homerus</span> <span class='ocrx_word' id='word_1_225' title='bbox 1452 2977 1497 3016; x_wconf 86' lang='lat' dir='ltr'>et</span> <span class='ocrx_word' id='word_1_226' title='bbox 1527 2972 1765 3026; x_wconf 87' lang='lat' dir='ltr'>scriptores</span> <span class='ocrx_word' id='word_1_227' title='bbox 1795 2984 1942 3015; x_wconf 86' lang='lat' dir='ltr'>recen-</span> 
     </span>
    </p>
   </div>
   <div class='ocr_carea' id='block_1_13' title="bbox 217 3051 1945 3188">
    <p class='ocr_par' dir='ltr' id='par_1_13' title="bbox 217 3051 1945 3188">
     <span class='ocr_line' id='line_1_31' title="bbox 219 3051 1945 3107; baseline 0 -12"><span class='ocrx_word' id='word_1_228' title='bbox 219 3051 355 3096; x_wconf 86' lang='lat' dir='ltr'>tiores</span> <span class='ocrx_word' id='word_1_229' title='bbox 386 3065 522 3107; x_wconf 89' lang='lat' dir='ltr'>usque</span> <span class='ocrx_word' id='word_1_230' title='bbox 554 3054 607 3095; x_wconf 92' lang='lat' dir='ltr'>ad</span> <span class='ocrx_word' id='word_1_231' title='bbox 640 3057 830 3096; x_wconf 87' lang='lat' dir='ltr'>aetatem</span> <span class='ocrx_word' id='word_1_232' title='bbox 861 3054 1098 3096; x_wconf 87' lang='lat' dir='ltr'>Romanam</span> <span class='ocrx_word' id='word_1_233' title='bbox 1132 3057 1176 3096; x_wconf 90' lang='lat' dir='ltr'>et</span> <span class='ocrx_word' id='word_1_234' title='bbox 1205 3052 1251 3095; x_wconf 92' lang='lat' dir='ltr'>in</span> <span class='ocrx_word' id='word_1_235' title='bbox 1281 3066 1479 3096; x_wconf 87' lang='lat' dir='ltr'>sermone</span> <span class='ocrx_word' id='word_1_236' title='bbox 1501 3052 1693 3107; x_wconf 88' lang='lat' dir='ltr'>pedestri</span> <span class='ocrx_word' id='word_1_237' title='bbox 1715 3052 1824 3096; x_wconf 84' lang='lat' dir='ltr'>etin</span> <span class='ocrx_word' id='word_1_238' title='bbox 1844 3065 1945 3106; x_wconf 88' lang='lat' dir='ltr'>poe-</span> 
     </span>
     <span class='ocr_line' id='line_1_32' title="bbox 217 3131 567 3188; baseline 0 -12"><span class='ocrx_word' id='word_1_239' title='bbox 217 3131 307 3177; x_wconf 85' lang='lat' dir='ltr'>tico</span> <span class='ocrx_word' id='word_1_240' title='bbox 338 3137 567 3188; x_wconf 87' lang='lat' dir='ltr'>usurpant.</span> 
     </span>
    </p>
   </div>
  </div>
 </body>
</html>
